3038 4964
711 454 875 517 „qq-

220 635 371 701 hocloco
403 637 587 718 pertractem
615 635 847 719 opinionemque
879 654 982 701 meam
1008 637 1132 719 probem
1162 656 1238 720 opus
1266 657 1372 703 meum

220 738 282 801 iarn
320 736 412 800 nimis
449 736 576 819 longum
608 735 639 799 in
673 736 749 800 lines
780 736 898 817 aliquos
937 736 1113 801 coarctandi
1150 736 1372 802 necissitudine

222 836 384 921 impedior:
429 857 498 902 cum
538 837 620 901 enim
652 835 689 899 de
722 836 850 918 Polybio
894 855 912 900 a
948 837 1035 901 Livio
1062 839 1093 901 in
1133 837 1221 902 tertia
1256 837 1370 902 decade

220 939 372 1021 exscripto
418 937 517 1001 adhuc
557 937 613 1001 sub
656 935 755 1000 iudice
798 936 837 1000 lis
874 936 935 1012 sit,
983 956 1044 1001 non
1087 937 1187 1001 solum
1230 921 1370 1003 eidsdem

220 1058 312 1122 quam
345 1038 509 1102 maximam
542 1037 690 1101 rationem
723 1036 832 1100 habere
864 1036 940 1100 mihi
973 1039 1154 1120 oportuerit,
1187 1038 1241 1102 sod
1273 1037 1370 1103 etiam

220 1139 292 1221 quin
315 1139 412 1202 adhuc
439 1138 528 1219 piane
551 1137 707 1217 neglectae
734 1136 771 1200 de
798 1136 929 1200 aliorum
955 1137 1007 1218 qui
1029 1137 1118 1202 nobis
1145 1138 1201 1202 has
1227 1157 1276 1201 res
1304 1157 1369 1202 ser·-

221 1240 369 1303 vaverunt
395 1236 578 1319 scriptorum
601 1236 733 1319 Appiani
763 1236 825 1301 scil.
850 1237 957 1300 Dionis
980 1232 1079 1301 Cassii
1106 1237 1263 1301 Plutarchi
1292 1238 1368 1302 item

222 1337 358 1402 Frontini
374 1337 503 1419 Nepotis
520 1337 634 1401 Valerii
650 1336 777 1400 Maximi
792 1335 921 1401 aliorum
937 1336 1071 1402 fontibus
1087 1338 1274 1420 quaestionis
1290 1357 1369 1402 onus

220 1457 314 1521 paene
341 1439 424 1502 solus
451 1438 634 1519 susciperem
667 1436 752 1499 nulla
784 1454 832 1500 me
860 1437 1035 1501 subtrahere
1062 1438 1178 1501 ratione
1204 1438 1368 1521 potuerim.

221 1538 288 1617 Qua
309 1537 411 1620 itaque
434 1536 612 1620 quaestione
639 1535 679 1600 ad
706 1536 954 1618 opportuniorem
987 1537 1176 1604 occasionem
1203 1541 1367 1617 reservata,

220 1638 342 1702 uberius
372 1637 408 1701 de
436 1637 614 1720 quaestione
641 1638 745 1699 utrum
772 1638 880 1716 quarta
909 1637 940 1700 et
962 1637 1070 1718 quinta
1096 1637 1260 1702 decadibus
1288 1638 1369 1704 Livii

218 1740 303 1804 Eutr.
326 1757 401 1803 usus
423 1739 473 1815 sit,
495 1737 665 1820 disputabo.

239 1939 309 2019 §d
354 1938 535 2020 Eutropii
557 1937 622 2004 lib.
644 1937 684 2000 lV
709 1955 783 2020 cap.
810 1939 889 2002 1-8
912 1957 991 2002 oum
1012 1936 1113 2002 Livii
1136 1937 1346 2003 decadibus

491 2040 628 2119 quarta
649 2039 687 2101 et
708 2037 842 2118 quinta
864 2039 1087 2122 comparata.

302 2169 418 2250 Quibus
448 2172 479 2235 in
508 2170 658 2255 capitibus
686 2170 873 2253 Eutropiana
900 2174 981 2237 certe
1007 2191 1025 2235 a
1054 2171 1140 2236 Livio
1177 2171 1278 2237 aliena
1305 2174 1366 2238 duo

216 2273 340 2338 tantum
366 2272 482 2336 inveni:
516 2291 551 2335 ea
578 2270 701 2335 soilccet
728 2290 805 2354 quae
834 2291 898 2354 cap.
925 2273 946 2335 5
974 2273 1010 2336 de
1032 2271 1247 2337 Hannibale
1269 2275 1368 2356 apud

217 2373 418 2455 Libyssam
446 2372 483 2436 in
515 2371 663 2437 linibus
692 2371 1033 2437 Nicomedensium
1066 2374 1220 2455 sepulto
1253 2372 1367 2438 adiecit

217 2491 276 2554 qua
299 2473 335 2537 de
357 2493 389 2537 re
415 2472 477 2536 iam
499 2472 621 2555 supra¹)
644 2471 843 2537 tractavimus
872 2476 962 2556 atque
989 2490 1065 2554 quae
1095 2491 1158 2555 cap.
1184 2472 1206 2534 4
1232 2472 1269 2536 de
1292 2472 1366 2537 Eu-

215 2573 340 2638 menia
366 2573 405 2636 in
427 2572 595 2656 Phrygia
621 2573 663 2636 ab
691 2571 827 2636 Attalo
854 2573 1034 2637 Eumenis
1061 2572 1179 2637 fratre
1209 2572 1367 2638 condita

215 2673 319 2739 nescio
342 2691 401 2755 qua
422 2672 572 2756 ratione²)
595 2672 721 2737 addidit.
1185 2656 1195 2668 ’

300 2772 416 2851 Quibus
440 2772 583 2855 exceptis,
605 2772 666 2836 fera
689 2773 792 2837 omnia
816 2771 930 2837 liviana
951 2775 1031 2850 sunt,
1061 2792 1139 2855 quae
1161 2791 1195 2838 eo
1222 2773 1366 2855 graviora

216 2893 282 2938 esse
308 2873 384 2936 milri
407 2870 561 2949 concedes
584 2873 664 2953 quod
686 2872 792 2937 Livius
813 2874 871 2937 hac
892 2875 973 2937 certa
995 2872 1027 2936 in
1049 2873 1149 2955 operis
1177 2873 1224 2937 sui
1246 2876 1364 2957 parte³)

216 2974 292 3037 duos
313 2972 403 3055 plane
426 2972 560 3035 diversos
582 2972 681 3036 fontes
696 2973 859 3059 Polybium
881 2973 946 3039 scil.
970 2992 1170 3054 romanosque
1186 2975 1310 3039 annales
1332 2975 1364 3038 in

215 3092 311 3137 unum
338 3071 541 3136 coniunxerit:
575 3091 650 3155 quae
677 3093 747 3138 oum
773 3073 878 3140 Livius
912 3073 1013 3155 quoad
1039 3073 1172 3138 iudicare
1200 3093 1363 3156 possumus

215 3172 354 3255 primus
390 3171 511 3258 iecerit,
549 3192 641 3255 quam
673 3175 807 3240 maxima
839 3194 909 3239 cum
944 3194 1015 3238 oum
1050 3173 1267 3256 probabilitate
1299 3176 1363 3238 Eu-

215 3274 348 3356 tropium
385 3292 421 3337 ex
459 3292 493 3338 eo
530 3274 653 3339 fluxisse
696 3276 845 3340 affirmare
881 3275 1069 3356 poterimus,
1109 3274 1136 3338 si
1175 3275 1256 3358 apud
1292 3294 1363 3339 eum

215 3373 342 3438 eadem
368 3374 514 3439 ratione
542 3375 776 3440 annalistica
803 3393 883 3439 cum
914 3374 1136 3458 polybianis
1164 3375 1364 3440 coniuncta

217 3474 422 3541 invenerimus
434 3474 467 3556 ⁴).
523 3473 652 3558 Singula
684 3475 824 3558 deinceps
858 3475 1000 3558 Eutropii
1033 3475 1135 3558 capita
1171 3477 1362 3558 percenseb0,

281 3676 299 3745 1)
316 3674 346 3732 P.
364 3676 404 3731 58.

279 3760 298 3827 2)
317 3759 355 3816 Cf.
374 3758 539 3826 Stephanum
557 3774 621 3812 voce
636 3753 791 3833 'Evpte'vern
813 3759 858 3825 qui
880 3773 938 3813 eam
961 3758 995 3812 ab
1013 3759 1106 3813 Attalo
1132 3759 1159 3811 ΙΙ
1181 3758 1361 3827 Philadelpho

212 3840 385 3896 inhonorem
403 3841 496 3894 fratris
514 3841 641 3895 Eumenis
659 3840 686 3893 ΙΙ
714 3842 848 3895 conditam
868 3857 926 3896 esse
945 3843 1038 3897 refert:
1061 3844 1137 3897 cuius
1156 3841 1264 3911 originis
1283 3842 1361 3901 Eutr.

212 3924 238 3981 h.
256 3925 273 3982 l.
291 3931 321 3978 ut
338 3926 500 3980 mentionem
518 3926 648 3990 iniiceret,
666 3925 822 3995 Eumenem,
842 3927 951 3993 dequo
973 3926 1045 3994 apud
1068 3943 1127 3979 eum
1150 3926 1189 3980 ibi
1211 3942 1299 3981 sermo
1320 3927 1361 3997 fit,

211 4007 347 4062 fratrem
365 4010 450 4064 dixit
466 4010 573 4064 Attali
590 4009 677 4077 regis
696 4009 741 4077 qui
759 4016 820 4077 post
838 4026 898 4063 eum
918 4012 1047 4076 regnavit.

279 4092 298 4161 8)
315 4092 376 4149 Vid.
395 4095 593 4161 sagacissimam
611 4093 758 4148 Nissenii
776 4095 804 4147 in
823 4093 911 4148 fontes
932 4094 1002 4148 Livii
1021 4094 1114 4152 decad.
1134 4095 1172 4149 IV
1191 4095 1254 4149 etV
1272 4096 1360 4163 inqui-

210 4175 334 4228 sitionem
351 4176 420 4244 (crit.
437 4177 680 4245 Untersuchungen
698 4185 748 4236 etc.
765 4178 858 4232 Berlin
876 4179 958 4249 1863).

277 4261 297 4328 4)
316 4258 456 4314 Simillimn
477 4263 582 4316 ratione
604 4262 700 4316 ductus
718 4263 858 4318 Nissenius
881 4263 914 4316 de
932 4263 1025 4318 Diouis
1043 4262 1129 4318 Cassii
1151 4261 1269 4316 tontibus
1291 4260 1360 4315 iudi·

211 4345 281 4399 cavit
299 4344 379 4415 (Anh.
397 4343 446 4400 Ill.
464 4360 490 4412 p.
509 4345 559 4399 308
576 4349 634 4413 sq).
