<?xml version="1.0" encoding="UTF-8"?>
<!DOCTYPE html PUBLIC "-//W3C//DTD XHTML 1.0 Transitional//EN"
    "http://www.w3.org/TR/xhtml1/DTD/xhtml1-transitional.dtd">
<html xmlns="http://www.w3.org/1999/xhtml" xml:lang="en" lang="en">
 <head>
  <title>
</title>
<meta http-equiv="Content-Type" content="text/html;charset=utf-8" />
  <meta name='ocr-system' content='tesseract 3.04.00' />
  <meta name='ocr-capabilities' content='ocr_page ocr_carea ocr_par ocr_line ocrx_word'/>
</head>
<body>
  <div class='ocr_page' id='page_1' title='image "./deeutropiibreui00pirogoog_0094.png"; bbox 0 0 3038 4964; ppageno 0'>
   <div class='ocr_carea' id='block_1_1' title="bbox 670 498 949 564">
    <p class='ocr_par' dir='ltr' id='par_1_1' title="bbox 670 498 949 564">
     <span class='ocr_line' id='line_1_1' title="bbox 670 498 949 564; baseline -0.004 0"><span class='ocrx_word' id='word_1_1' title='bbox 670 499 837 564; x_wconf 84' lang='lat'><strong>-83-</strong></span> <span class='ocrx_word' id='word_1_2' title='bbox 947 498 949 500; x_wconf 72' lang='grc'><strong>’</strong></span> 
     </span>
    </p>
   </div>
   <div class='ocr_carea' id='block_1_2' title="bbox 181 682 1332 962">
    <p class='ocr_par' dir='ltr' id='par_1_2' title="bbox 181 682 1332 962">
     <span class='ocr_line' id='line_1_2' title="bbox 182 682 1332 766; baseline 0.005 -20"><span class='ocrx_word' id='word_1_3' title='bbox 182 682 278 748; x_wconf 89' lang='lat' dir='ltr'><strong>tantis</strong></span> <span class='ocrx_word' id='word_1_4' title='bbox 300 683 368 749; x_wconf 89' lang='lat' dir='ltr'><strong>loco</strong></span> <span class='ocrx_word' id='word_1_5' title='bbox 390 684 561 750; x_wconf 76' lang='lat' dir='ltr'><strong>similitudo</strong></span> <span class='ocrx_word' id='word_1_6' title='bbox 584 682 727 766; x_wconf 81' lang='lat' dir='ltr'><strong>explicari</strong></span> <span class='ocrx_word' id='word_1_7' title='bbox 753 685 868 766; x_wconf 86' lang='lat' dir='ltr'><strong>potest:</strong></span> <span class='ocrx_word' id='word_1_8' title='bbox 894 683 1004 766; x_wconf 86' lang='lat' dir='ltr'><strong>quibus</strong></span> <span class='ocrx_word' id='word_1_9' title='bbox 1030 685 1068 749; x_wconf 87' lang='lat' dir='ltr'><strong>de</strong></span> <span class='ocrx_word' id='word_1_10' title='bbox 1094 684 1169 751; x_wconf 87' lang='lat' dir='ltr'><strong>loeis</strong></span> <span class='ocrx_word' id='word_1_11' title='bbox 1198 704 1269 752; x_wconf 90' lang='lat' dir='ltr'><strong>oum</strong></span> <span class='ocrx_word' id='word_1_12' title='bbox 1295 686 1332 752; x_wconf 85' lang='lat' dir='ltr'><strong>de</strong></span> 
     </span>
     <span class='ocr_line' id='line_1_3' title="bbox 181 783 1331 867; baseline 0.003 -20"><span class='ocrx_word' id='word_1_13' title='bbox 181 783 299 848; x_wconf 88' lang='lat' dir='ltr'><strong>ratione</strong></span> <span class='ocrx_word' id='word_1_14' title='bbox 337 802 412 866; x_wconf 92' lang='lat' dir='ltr'><strong>quae</strong></span> <span class='ocrx_word' id='word_1_15' title='bbox 440 785 519 849; x_wconf 89' lang='lat' dir='ltr'><strong>inter</strong></span> <span class='ocrx_word' id='word_1_16' title='bbox 541 784 738 849; x_wconf 84' lang='lat' dir='ltr'><strong>Ammianum</strong></span> <span class='ocrx_word' id='word_1_17' title='bbox 766 784 856 864; x_wconf 88' lang='lat' dir='ltr'><strong>atque</strong></span> <span class='ocrx_word' id='word_1_18' title='bbox 882 784 1066 867; x_wconf 76' lang='lat' dir='ltr'><strong>Eutropium</strong></span> <span class='ocrx_word' id='word_1_19' title='bbox 1088 784 1261 866; x_wconf 88' lang='lat' dir='ltr'><strong>Rufumque</strong></span> <span class='ocrx_word' id='word_1_20' title='bbox 1282 786 1331 850; x_wconf 91' lang='lat' dir='ltr'><strong>iu·</strong></span> 
     </span>
     <span class='ocr_line' id='line_1_4' title="bbox 181 883 907 962; baseline 0 -15"><span class='ocrx_word' id='word_1_21' title='bbox 181 883 317 948; x_wconf 87' lang='lat' dir='ltr'><strong>teroedat</strong></span> <span class='ocrx_word' id='word_1_22' title='bbox 338 885 546 962; x_wconf 87' lang='lat' dir='ltr'><strong>tractabimus,</strong></span> <span class='ocrx_word' id='word_1_23' title='bbox 570 884 692 950; x_wconf 88' lang='lat' dir='ltr'><strong>uberius</strong></span> <span class='ocrx_word' id='word_1_24' title='bbox 715 883 907 948; x_wconf 81' lang='lat' dir='ltr'><strong>disseremus.</strong></span> 
     </span>
    </p>
   </div>
   <div class='ocr_carea' id='block_1_3' title="bbox 180 1083 1362 3377">
    <p class='ocr_par' dir='ltr' id='par_1_3' title="bbox 181 1083 1362 2169">
     <span class='ocr_line' id='line_1_5' title="bbox 265 1083 1333 1168; baseline 0.003 -20"><span class='ocrx_word' id='word_1_25' title='bbox 265 1083 318 1150; x_wconf 76' lang='lat' dir='ltr'><strong>IV,</strong></span> <span class='ocrx_word' id='word_1_26' title='bbox 333 1084 387 1148; x_wconf 81' lang='lat'><strong>20:</strong></span> <span class='ocrx_word' id='word_1_27' title='bbox 411 1084 448 1149; x_wconf 92' lang='lat' dir='ltr'><strong>de</strong></span> <span class='ocrx_word' id='word_1_28' title='bbox 469 1086 568 1149; x_wconf 87' lang='lat' dir='ltr'><strong>morte</strong></span> <span class='ocrx_word' id='word_1_29' title='bbox 584 1084 685 1150; x_wconf 79' lang='lat' dir='ltr'><strong>Crassi</strong></span> <span class='ocrx_word' id='word_1_30' title='bbox 707 1084 738 1149; x_wconf 91' lang='lat' dir='ltr'><strong>in</strong></span> <span class='ocrx_word' id='word_1_31' title='bbox 760 1085 863 1150; x_wconf 89' lang='lat' dir='ltr'><strong>codice</strong></span> <span class='ocrx_word' id='word_1_32' title='bbox 877 1083 966 1151; x_wconf 79' lang='lat' dir='ltr'><strong>uus.</strong></span> <span class='ocrx_word' id='word_1_33' title='bbox 990 1084 1104 1168; x_wconf 84' lang='lat' dir='ltr'><strong>legitur</strong></span> <span class='ocrx_word' id='word_1_34' title='bbox 1124 1086 1253 1150; x_wconf 84' lang='lat' dir='ltr'><strong>rictus</strong></span> <span class='ocrx_word' id='word_1_35' title='bbox 1275 1088 1333 1151; x_wconf 89' lang='grc'><strong>661</strong></span> 
     </span>
     <span class='ocr_line' id='line_1_6' title="bbox 181 1183 1362 1269; baseline 0.003 -22"><span class='ocrx_word' id='word_1_36' title='bbox 181 1186 307 1248; x_wconf 85' lang='lat' dir='ltr'><strong>tamen</strong></span> <span class='ocrx_word' id='word_1_37' title='bbox 346 1183 508 1249; x_wconf 79' lang='lat' dir='ltr'><strong>Crassus</strong></span> <span class='ocrx_word' id='word_1_38' title='bbox 530 1188 566 1250; x_wconf 90' lang='lat' dir='ltr'><strong>et</strong></span> <span class='ocrx_word' id='word_1_39' title='bbox 595 1184 631 1249; x_wconf 89' lang='lat' dir='ltr'><strong>in</strong></span> <span class='ocrx_word' id='word_1_40' title='bbox 663 1185 806 1268; x_wconf 89' lang='lat' dir='ltr'><strong>proelio</strong></span> <span class='ocrx_word' id='word_1_41' title='bbox 828 1184 1064 1250; x_wconf 86' lang='lat' dir='ltr'><strong>interfectus</strong></span> <span class='ocrx_word' id='word_1_42' title='bbox 1087 1187 1144 1250; x_wconf 91' lang='grc'><strong>661</strong></span> <span class='ocrx_word' id='word_1_43' title='bbox 1167 1186 1332 1269; x_wconf 78' lang='lat' dir='ltr'><strong>sudemque</strong></span> <span class='ocrx_word' id='word_1_44' title='bbox 1361 1193 1362 1198; x_wconf 77' lang='grc'>’</span> 
     </span>
     <span class='ocr_line' id='line_1_7' title="bbox 182 1276 1333 1364; baseline 0.001 -23"><span class='ocrx_word' id='word_1_45' title='bbox 182 1285 293 1350; x_wconf 79' lang='lat' dir='ltr'><strong>Paean,</strong></span> <span class='ocrx_word' id='word_1_46' title='bbox 315 1284 436 1349; x_wconf 79' lang='lat' dir='ltr'><strong>exhibet</strong></span> <span class='ocrx_word' id='word_1_47' title='bbox 458 1276 591 1364; x_wconf 73' lang='grc' dir='ltr'><strong>(ἡττήθη</strong></span> <span class='ocrx_word' id='word_1_48' title='bbox 611 1280 644 1342; x_wconf 67' lang='lat' dir='ltr'><strong>ds*</strong></span> <span class='ocrx_word' id='word_1_49' title='bbox 655 1276 801 1358; x_wconf 81' lang='grc' dir='ltr'><em>Κράσσος</em></span> <span class='ocrx_word' id='word_1_50' title='bbox 821 1281 880 1341; x_wconf 77' lang='grc' dir='ltr'><strong>καὶ</strong></span> <span class='ocrx_word' id='word_1_51' title='bbox 897 1276 1024 1342; x_wconf 63' lang='grc' dir='ltr'><em>ἔπεσεν</em></span> <span class='ocrx_word' id='word_1_52' title='bbox 1043 1280 1079 1341; x_wconf 77' lang='grc' dir='ltr'><strong>ἓν</strong></span> <span class='ocrx_word' id='word_1_53' title='bbox 1098 1287 1140 1364; x_wconf 81' lang='grc' dir='ltr'><strong>τῇ</strong></span> <span class='ocrx_word' id='word_1_54' title='bbox 1160 1278 1333 1360; x_wconf 76' lang='grc' dir='ltr'><em>παρατά-</em></span> 
     </span>
     <span class='ocr_line' id='line_1_8' title="bbox 183 1378 1334 1467; baseline 0.001 -18"><span class='ocrx_word' id='word_1_55' title='bbox 183 1383 266 1456; x_wconf 73' lang='grc' dir='ltr'>ξει),</span> <span class='ocrx_word' id='word_1_56' title='bbox 294 1403 370 1467; x_wconf 87' lang='lat' dir='ltr'><strong>quae</strong></span> <span class='ocrx_word' id='word_1_57' title='bbox 392 1386 556 1450; x_wconf 90' lang='lat' dir='ltr'><strong>concinunt</strong></span> <span class='ocrx_word' id='word_1_58' title='bbox 576 1405 646 1449; x_wconf 91' lang='lat' dir='ltr'><strong>oum</strong></span> <span class='ocrx_word' id='word_1_59' title='bbox 669 1378 824 1449; x_wconf 81' lang='lat' dir='ltr'><strong>Strabonis</strong></span> <span class='ocrx_word' id='word_1_60' title='bbox 846 1384 929 1452; x_wconf 82' lang='lat' dir='ltr'>XIV.</span> <span class='ocrx_word' id='word_1_61' title='bbox 951 1404 979 1467; x_wconf 90' lang='lat' dir='ltr'><strong>p.</strong></span> <span class='ocrx_word' id='word_1_62' title='bbox 1002 1386 1063 1450; x_wconf 87' lang='grc'><strong>646</strong></span> <span class='ocrx_word' id='word_1_63' title='bbox 1085 1387 1257 1452; x_wconf 87' lang='lat' dir='ltr'><strong>narratione</strong></span> <span class='ocrx_word' id='word_1_64' title='bbox 1278 1385 1334 1451; x_wconf 91' lang='lat' dir='ltr'><strong>illa</strong></span> 
     </span>
     <span class='ocr_line' id='line_1_9' title="bbox 182 1476 1334 1568; baseline 0 -26"><span class='ocrx_word' id='word_1_65' title='bbox 182 1485 307 1568; x_wconf 87' lang='lat' dir='ltr'><strong>quidem</strong></span> <span class='ocrx_word' id='word_1_66' title='bbox 316 1485 495 1551; x_wconf 82' lang='lat' dir='ltr'><strong>brevissima</strong></span> <span class='ocrx_word' id='word_1_67' title='bbox 506 1476 661 1562; x_wconf 79' lang='grc' dir='ltr'>(Κράσσος</span> <span class='ocrx_word' id='word_1_68' title='bbox 676 1479 708 1541; x_wconf 68' lang='lat' dir='ltr'><strong>ds*</strong></span> <span class='ocrx_word' id='word_1_69' title='bbox 721 1481 787 1559; x_wconf 77' lang='grc' dir='ltr'><em>περὶ</em></span> <span class='ocrx_word' id='word_1_70' title='bbox 798 1477 926 1553; x_wconf 78' lang='grc' dir='ltr'><em>Λεύκας</em></span> <span class='ocrx_word' id='word_1_71' title='bbox 935 1480 1121 1560; x_wconf 68' lang='grc' dir='ltr'><em>ἐπιθεμένων</em></span> <span class='ocrx_word' id='word_1_72' title='bbox 1140 1487 1230 1544; x_wconf 76' lang='grc' dir='ltr'><em>τινῶν</em></span> <span class='ocrx_word' id='word_1_73' title='bbox 1249 1478 1334 1542; x_wconf 69' lang='grc' dir='ltr'><em>ἕπε-</em></span> 
     </span>
     <span class='ocr_line' id='line_1_10' title="bbox 182 1577 1332 1669; baseline 0.001 -19"><span class='ocrx_word' id='word_1_74' title='bbox 182 1602 244 1642; x_wconf 74' lang='lat' dir='ltr'><em>w</em></span> <span class='ocrx_word' id='word_1_75' title='bbox 269 1580 305 1641; x_wconf 74' lang='lat' dir='ltr'><strong>fr</strong></span> <span class='ocrx_word' id='word_1_76' title='bbox 328 1577 460 1663; x_wconf 71' lang='grc' dir='ltr'>μάχῃ),</span> <span class='ocrx_word' id='word_1_77' title='bbox 482 1605 552 1650; x_wconf 90' lang='lat' dir='ltr'><strong>cum</strong></span> <span class='ocrx_word' id='word_1_78' title='bbox 576 1578 680 1650; x_wconf 92' lang='lat' dir='ltr'><strong>omnes</strong></span> <span class='ocrx_word' id='word_1_79' title='bbox 702 1585 756 1650; x_wconf 89' lang='lat' dir='ltr'><strong>alii</strong></span> <span class='ocrx_word' id='word_1_80' title='bbox 778 1586 830 1667; x_wconf 90' lang='lat' dir='ltr'><strong>qui</strong></span> <span class='ocrx_word' id='word_1_81' title='bbox 852 1585 1022 1651; x_wconf 85' lang='lat' dir='ltr'><strong>accuratius</strong></span> <span class='ocrx_word' id='word_1_82' title='bbox 1049 1587 1127 1650; x_wconf 90' lang='lat' dir='ltr'><strong>hanc</strong></span> <span class='ocrx_word' id='word_1_83' title='bbox 1148 1605 1212 1651; x_wconf 90' lang='lat' dir='ltr'><strong>rem</strong></span> <span class='ocrx_word' id='word_1_84' title='bbox 1241 1605 1332 1669; x_wconf 85' lang='lat' dir='ltr'><strong>erpo-</strong></span> 
     </span>
     <span class='ocr_line' id='line_1_11' title="bbox 183 1685 1333 1770; baseline -0.001 -19"><span class='ocrx_word' id='word_1_85' title='bbox 183 1693 309 1751; x_wconf 88' lang='lat' dir='ltr'><strong>suerunt</strong></span> <span class='ocrx_word' id='word_1_86' title='bbox 317 1688 340 1770; x_wconf 70' lang='grc' dir='ltr'><strong>ἱ1</strong></span> <span class='ocrx_word' id='word_1_87' title='bbox 371 1685 404 1749; x_wconf 92' lang='lat' dir='ltr'><strong>in</strong></span> <span class='ocrx_word' id='word_1_88' title='bbox 435 1685 526 1769; x_wconf 85' lang='lat' dir='ltr'><strong>fuga</strong></span> <span class='ocrx_word' id='word_1_89' title='bbox 558 1687 682 1768; x_wconf 89' lang='lat' dir='ltr'><strong>captum</strong></span> <span class='ocrx_word' id='word_1_90' title='bbox 710 1686 963 1768; x_wconf 85' lang='lat' dir='ltr'><strong>interfectumque</strong></span> <span class='ocrx_word' id='word_1_91' title='bbox 995 1705 1062 1751; x_wconf 92' lang='lat' dir='ltr'><strong>esse</strong></span> <span class='ocrx_word' id='word_1_92' title='bbox 1094 1687 1240 1753; x_wconf 87' lang='lat' dir='ltr'><strong>referant:</strong></span> <span class='ocrx_word' id='word_1_93' title='bbox 1273 1687 1333 1751; x_wconf 83' lang='lat' dir='ltr'><strong>ifa-</strong></span> 
     </span>
     <span class='ocr_line' id='line_1_12' title="bbox 183 1785 1332 1870; baseline 0.001 -19"><span class='ocrx_word' id='word_1_94' title='bbox 183 1805 240 1869; x_wconf 92' lang='lat' dir='ltr'><strong>que</strong></span> <span class='ocrx_word' id='word_1_95' title='bbox 263 1785 420 1850; x_wconf 83' lang='lat' dir='ltr'><strong>Strabonis</strong></span> <span class='ocrx_word' id='word_1_96' title='bbox 441 1786 642 1868; x_wconf 85' lang='lat' dir='ltr'><strong>Eutropiique</strong></span> <span class='ocrx_word' id='word_1_97' title='bbox 664 1787 757 1851; x_wconf 87' lang='lat' dir='ltr'><strong>verba</strong></span> <span class='ocrx_word' id='word_1_98' title='bbox 778 1805 813 1850; x_wconf 96' lang='grc'><strong>61</strong></span> <span class='ocrx_word' id='word_1_99' title='bbox 835 1787 995 1852; x_wconf 85' lang='lat' dir='ltr'><strong>brevitatis</strong></span> <span class='ocrx_word' id='word_1_100' title='bbox 1018 1788 1113 1853; x_wconf 92' lang='lat' dir='ltr'><strong>nimio</strong></span> <span class='ocrx_word' id='word_1_101' title='bbox 1135 1787 1237 1852; x_wconf 90' lang='lat' dir='ltr'><strong>studio</strong></span> <span class='ocrx_word' id='word_1_102' title='bbox 1261 1806 1332 1870; x_wconf 88' lang='lat' dir='ltr'><strong>pro·</strong></span> 
     </span>
     <span class='ocr_line' id='line_1_13' title="bbox 182 1885 1332 1971; baseline 0.003 -22"><span class='ocrx_word' id='word_1_103' title='bbox 182 1887 263 1950; x_wconf 89' lang='lat' dir='ltr'><strong>fecta</strong></span> <span class='ocrx_word' id='word_1_104' title='bbox 288 1905 354 1951; x_wconf 89' lang='lat' dir='ltr'><strong>esse</strong></span> <span class='ocrx_word' id='word_1_105' title='bbox 381 1885 534 1964; x_wconf 85' lang='lat' dir='ltr'><strong>ridentur,</strong></span> <span class='ocrx_word' id='word_1_106' title='bbox 562 1887 697 1950; x_wconf 86' lang='lat' dir='ltr'><strong>ceterum</strong></span> <span class='ocrx_word' id='word_1_107' title='bbox 724 1887 850 1968; x_wconf 83' lang='lat' dir='ltr'><strong>vulgata</strong></span> <span class='ocrx_word' id='word_1_108' title='bbox 876 1905 995 1969; x_wconf 90' lang='lat' dir='ltr'><strong>quoque</strong></span> <span class='ocrx_word' id='word_1_109' title='bbox 1021 1889 1102 1971; x_wconf 87' lang='lat' dir='ltr'><strong>apud</strong></span> <span class='ocrx_word' id='word_1_110' title='bbox 1128 1889 1214 1953; x_wconf 87' lang='grc'><strong>11111.</strong></span> <span class='ocrx_word' id='word_1_111' title='bbox 1241 1887 1332 1953; x_wconf 88' lang='grc'><strong>166116</strong></span> 
     </span>
     <span class='ocr_line' id='line_1_14' title="bbox 182 1984 1332 2070; baseline 0.002 -19"><span class='ocrx_word' id='word_1_112' title='bbox 182 1986 318 2068; x_wconf 84' lang='lat' dir='ltr'><strong>(victus</strong></span> <span class='ocrx_word' id='word_1_113' title='bbox 351 1988 408 2050; x_wconf 91' lang='grc'><strong>661</strong></span> <span class='ocrx_word' id='word_1_114' title='bbox 439 1989 561 2050; x_wconf 87' lang='lat' dir='ltr'><strong>tamen</strong></span> <span class='ocrx_word' id='word_1_115' title='bbox 588 1984 742 2050; x_wconf 78' lang='lat' dir='ltr'><strong>Crassus</strong></span> <span class='ocrx_word' id='word_1_116' title='bbox 776 1986 814 2050; x_wconf 92' lang='lat' dir='ltr'><strong>in</strong></span> <span class='ocrx_word' id='word_1_117' title='bbox 848 1987 991 2069; x_wconf 88' lang='lat' dir='ltr'><strong>proelio</strong></span> <span class='ocrx_word' id='word_1_118' title='bbox 1024 1990 1060 2052; x_wconf 92' lang='lat' dir='ltr'><strong>et</strong></span> <span class='ocrx_word' id='word_1_119' title='bbox 1091 1988 1332 2070; x_wconf 87' lang='lat' dir='ltr'><strong>interfectus)</strong></span> 
     </span>
     <span class='ocr_line' id='line_1_15' title="bbox 182 2085 957 2169; baseline 0.001 -18"><span class='ocrx_word' id='word_1_120' title='bbox 182 2086 296 2151; x_wconf 90' lang='lat' dir='ltr'><strong>codicis</strong></span> <span class='ocrx_word' id='word_1_121' title='bbox 319 2085 402 2152; x_wconf 93' lang='lat' dir='ltr'><strong>Leid.</strong></span> <span class='ocrx_word' id='word_1_122' title='bbox 427 2086 442 2148; x_wconf 94' lang='lat' dir='ltr'><strong>l</strong></span> <span class='ocrx_word' id='word_1_123' title='bbox 466 2085 722 2169; x_wconf 75' lang='lat' dir='ltr'><strong>comparatione²l</strong></span> <span class='ocrx_word' id='word_1_124' title='bbox 745 2087 825 2150; x_wconf 89' lang='lat' dir='ltr'><strong>tueri</strong></span> <span class='ocrx_word' id='word_1_125' title='bbox 845 2088 957 2169; x_wconf 88' lang='lat' dir='ltr'><strong>potest.</strong></span> 
     </span>
    </p>

    <p class='ocr_par' dir='ltr' id='par_1_4' title="bbox 180 2185 1336 3377">
     <span class='ocr_line' id='line_1_16' title="bbox 264 2185 1332 2271; baseline 0.002 -21"><span class='ocrx_word' id='word_1_126' title='bbox 264 2186 341 2251; x_wconf 88' lang='lat' dir='ltr'><strong>ibid.</strong></span> <span class='ocrx_word' id='word_1_127' title='bbox 368 2187 406 2250; x_wconf 89' lang='lat' dir='ltr'><strong>de</strong></span> <span class='ocrx_word' id='word_1_128' title='bbox 431 2188 545 2250; x_wconf 91' lang='lat' dir='ltr'><strong>morte</strong></span> <span class='ocrx_word' id='word_1_129' title='bbox 571 2185 779 2271; x_wconf 84' lang='lat' dir='ltr'><strong>Aristonici</strong></span> <span class='ocrx_word' id='word_1_130' title='bbox 813 2190 849 2251; x_wconf 93' lang='lat' dir='ltr'><strong>et</strong></span> <span class='ocrx_word' id='word_1_131' title='bbox 874 2189 1088 2270; x_wconf 87' lang='lat' dir='ltr'><strong>Perpennae</strong></span> <span class='ocrx_word' id='word_1_132' title='bbox 1120 2190 1227 2255; x_wconf 90' lang='lat' dir='ltr'><strong>eadem</strong></span> <span class='ocrx_word' id='word_1_133' title='bbox 1255 2207 1332 2271; x_wconf 89' lang='lat' dir='ltr'><strong>quae</strong></span> 
     </span>
     <span class='ocr_line' id='line_1_17' title="bbox 181 2285 1332 2369; baseline 0.002 -17"><span class='ocrx_word' id='word_1_134' title='bbox 181 2289 267 2354; x_wconf 83' lang='lat' dir='ltr'><strong>Eutr.</strong></span> <span class='ocrx_word' id='word_1_135' title='bbox 290 2287 377 2353; x_wconf 92' lang='grc'><strong>0166.</strong></span> <span class='ocrx_word' id='word_1_136' title='bbox 399 2286 436 2352; x_wconf 89' lang='lat' dir='ltr'><strong>V.</strong></span> <span class='ocrx_word' id='word_1_137' title='bbox 460 2285 529 2368; x_wconf 86' lang='lat'>10³)</span> <span class='ocrx_word' id='word_1_138' title='bbox 555 2286 747 2369; x_wconf 86' lang='lat' dir='ltr'><strong>breviterque</strong></span> <span class='ocrx_word' id='word_1_139' title='bbox 770 2286 879 2352; x_wconf 82' lang='lat' dir='ltr'><strong>Strabo</strong></span> <span class='ocrx_word' id='word_1_140' title='bbox 905 2287 925 2354; x_wconf 90' lang='lat' dir='ltr'><strong>l.</strong></span> <span class='ocrx_word' id='word_1_141' title='bbox 948 2308 972 2353; x_wconf 90' lang='lat' dir='ltr'><strong>c.</strong></span> <span class='ocrx_word' id='word_1_142' title='bbox 996 2289 1032 2356; x_wconf 90' lang='lat' dir='ltr'><strong>ef.</strong></span> <span class='ocrx_word' id='word_1_143' title='bbox 1056 2290 1163 2356; x_wconf 91' lang='lat' dir='ltr'><strong>lustin.</strong></span> <span class='ocrx_word' id='word_1_144' title='bbox 1187 2288 1332 2356; x_wconf 83' lang='lat' dir='ltr'>XXXVI.</span> 
     </span>
     <span class='ocr_line' id='line_1_18' title="bbox 180 2385 1332 2473; baseline 0.003 -22"><span class='ocrx_word' id='word_1_145' title='bbox 180 2389 210 2466; x_wconf 83' lang='lat'><strong>4,</strong></span> <span class='ocrx_word' id='word_1_146' title='bbox 232 2388 252 2450; x_wconf 87' lang='grc'>9</span> <span class='ocrx_word' id='word_1_147' title='bbox 275 2387 429 2452; x_wconf 79' lang='lat' dir='ltr'><strong>exhibent:</strong></span> <span class='ocrx_word' id='word_1_148' title='bbox 451 2385 514 2450; x_wconf 90' lang='lat' dir='ltr'><strong>iam</strong></span> <span class='ocrx_word' id='word_1_149' title='bbox 535 2389 664 2453; x_wconf 86' lang='lat' dir='ltr'><strong>mortem</strong></span> <span class='ocrx_word' id='word_1_150' title='bbox 687 2387 870 2466; x_wconf 84' lang='lat' dir='ltr'><strong>Aristonici,</strong></span> <span class='ocrx_word' id='word_1_151' title='bbox 897 2387 949 2470; x_wconf 92' lang='lat' dir='ltr'><strong>qui</strong></span> <span class='ocrx_word' id='word_1_152' title='bbox 976 2388 1172 2472; x_wconf 73' lang='grc'><strong>(1111661161.</strong></span> <span class='ocrx_word' id='word_1_153' title='bbox 1201 2389 1332 2473; x_wconf 88' lang='lat' dir='ltr'><strong>laudat.)</strong></span> 
     </span>
     <span class='ocr_line' id='line_1_19' title="bbox 182 2487 1334 2572; baseline 0 -18"><span class='ocrx_word' id='word_1_154' title='bbox 182 2487 391 2570; x_wconf 79' lang='lat' dir='ltr'><strong>strangulatus</strong></span> <span class='ocrx_word' id='word_1_155' title='bbox 418 2489 466 2552; x_wconf 88' lang='lat' dir='ltr'><strong>est</strong></span> <span class='ocrx_word' id='word_1_156' title='bbox 491 2487 524 2550; x_wconf 94' lang='lat' dir='ltr'><strong>in</strong></span> <span class='ocrx_word' id='word_1_157' title='bbox 549 2506 666 2552; x_wconf 89' lang='lat' dir='ltr'><strong>carcere</strong></span> <span class='ocrx_word' id='word_1_158' title='bbox 694 2489 841 2568; x_wconf 87' lang='lat' dir='ltr'><strong>Romae,</strong></span> <span class='ocrx_word' id='word_1_159' title='bbox 874 2507 943 2571; x_wconf 90' lang='lat' dir='ltr'><strong>quo</strong></span> <span class='ocrx_word' id='word_1_160' title='bbox 982 2507 1063 2552; x_wconf 92' lang='lat' dir='ltr'><strong>eum</strong></span> <span class='ocrx_word' id='word_1_161' title='bbox 1101 2491 1334 2572; x_wconf 91' lang='lat' dir='ltr'><strong>aPerpenua</strong></span> 
     </span>
     <span class='ocr_line' id='line_1_20' title="bbox 183 2588 1333 2672; baseline -0.001 -17"><span class='ocrx_word' id='word_1_162' title='bbox 183 2589 334 2655; x_wconf 90' lang='lat' dir='ltr'><strong>missurn</strong></span> <span class='ocrx_word' id='word_1_163' title='bbox 356 2589 548 2656; x_wconf 75' lang='grc'><strong>61161616.</strong></span> <span class='ocrx_word' id='word_1_164' title='bbox 571 2589 608 2654; x_wconf 85' lang='grc'><strong>61.</strong></span> <span class='ocrx_word' id='word_1_165' title='bbox 630 2588 740 2654; x_wconf 87' lang='lat' dir='ltr'><strong>lustin.</strong></span> <span class='ocrx_word' id='word_1_166' title='bbox 763 2589 863 2669; x_wconf 84' lang='lat' dir='ltr'><strong>refert,</strong></span> <span class='ocrx_word' id='word_1_167' title='bbox 879 2591 1006 2672; x_wconf 85' lang='lat' dir='ltr'><strong>Eutrop.</strong></span> <span class='ocrx_word' id='word_1_168' title='bbox 1030 2589 1185 2655; x_wconf 91' lang='lat' dir='ltr'><strong>cumillis</strong></span> <span class='ocrx_word' id='word_1_169' title='bbox 1207 2591 1333 2656; x_wconf 91' lang='lat' dir='ltr'><strong>coniun-</strong></span> 
     </span>
     <span class='ocr_line' id='line_1_21' title="bbox 182 2689 1332 2773; baseline 0.001 -20"><span class='ocrx_word' id='word_1_170' title='bbox 182 2690 242 2773; x_wconf 83' lang='lat' dir='ltr'><strong>git,</strong></span> <span class='ocrx_word' id='word_1_171' title='bbox 270 2708 346 2770; x_wconf 90' lang='lat' dir='ltr'><strong>quae</strong></span> <span class='ocrx_word' id='word_1_172' title='bbox 372 2690 410 2755; x_wconf 93' lang='lat' dir='ltr'><strong>de</strong></span> <span class='ocrx_word' id='word_1_173' title='bbox 435 2690 625 2772; x_wconf 90' lang='lat' dir='ltr'><strong>triumpho</strong></span> <span class='ocrx_word' id='word_1_174' title='bbox 652 2690 692 2753; x_wconf 92' lang='lat' dir='ltr'><strong>de</strong></span> <span class='ocrx_word' id='word_1_175' title='bbox 720 2708 758 2754; x_wconf 93' lang='grc'><strong>66</strong></span> <span class='ocrx_word' id='word_1_176' title='bbox 785 2709 855 2754; x_wconf 92' lang='lat' dir='ltr'><strong>non</strong></span> <span class='ocrx_word' id='word_1_177' title='bbox 881 2692 964 2756; x_wconf 89' lang='lat' dir='ltr'><strong>acto</strong></span> <span class='ocrx_word' id='word_1_178' title='bbox 992 2689 1129 2772; x_wconf 89' lang='lat' dir='ltr'><strong>apponit:</strong></span> <span class='ocrx_word' id='word_1_179' title='bbox 1164 2690 1196 2752; x_wconf 92' lang='lat' dir='ltr'><strong>in</strong></span> <span class='ocrx_word' id='word_1_180' title='bbox 1223 2690 1332 2771; x_wconf 90' lang='lat' dir='ltr'><strong>quihus</strong></span> 
     </span>
     <span class='ocr_line' id='line_1_22' title="bbox 184 2788 1332 2874; baseline -0.001 -20"><span class='ocrx_word' id='word_1_181' title='bbox 184 2789 327 2854; x_wconf 89' lang='lat' dir='ltr'><strong>dissentit</strong></span> <span class='ocrx_word' id='word_1_182' title='bbox 348 2809 366 2854; x_wconf 85' lang='lat' dir='ltr'><strong>o</strong></span> <span class='ocrx_word' id='word_1_183' title='bbox 390 2788 506 2855; x_wconf 84' lang='lat' dir='ltr'><strong>Velleio</strong></span> <span class='ocrx_word' id='word_1_184' title='bbox 524 2793 563 2856; x_wconf 94' lang='grc'><strong>11.</strong></span> <span class='ocrx_word' id='word_1_185' title='bbox 577 2791 640 2868; x_wconf 84' lang='grc'><strong>4,1</strong></span> <span class='ocrx_word' id='word_1_186' title='bbox 664 2790 715 2874; x_wconf 87' lang='lat' dir='ltr'><strong>(cf.</strong></span> <span class='ocrx_word' id='word_1_187' title='bbox 740 2790 866 2857; x_wconf 77' lang='lat' dir='ltr'><strong>Sallust,</strong></span> <span class='ocrx_word' id='word_1_188' title='bbox 888 2791 985 2874; x_wconf 79' lang='lat' dir='ltr'><strong>Epist.</strong></span> <span class='ocrx_word' id='word_1_189' title='bbox 1002 2791 1121 2870; x_wconf 65' lang='lat' dir='ltr'><strong>Mithri</strong></span> <span class='ocrx_word' id='word_1_190' title='bbox 1144 2791 1195 2871; x_wconf 88' lang='lat' dir='ltr'><strong>qui</strong></span> <span class='ocrx_word' id='word_1_191' title='bbox 1218 2791 1332 2854; x_wconf 89' lang='lat' dir='ltr'><strong>diserte</strong></span> 
     </span>
     <span class='ocr_line' id='line_1_23' title="bbox 182 2890 1332 2973; baseline 0 -19"><span class='ocrx_word' id='word_1_192' title='bbox 182 2890 399 2972; x_wconf 84' lang='lat' dir='ltr'><strong>M&#39;Aquillium</strong></span> <span class='ocrx_word' id='word_1_193' title='bbox 432 2891 607 2972; x_wconf 88' lang='lat' dir='ltr'><strong>Perpennae</strong></span> <span class='ocrx_word' id='word_1_194' title='bbox 636 2910 842 2956; x_wconf 86' lang='lat' dir='ltr'><strong>successorem</strong></span> <span class='ocrx_word' id='word_1_195' title='bbox 869 2892 1077 2957; x_wconf 89' lang='lat' dir='ltr'><strong>Aristonicum</strong></span> <span class='ocrx_word' id='word_1_196' title='bbox 1112 2891 1145 2955; x_wconf 90' lang='lat' dir='ltr'><strong>in</strong></span> <span class='ocrx_word' id='word_1_197' title='bbox 1176 2891 1332 2973; x_wconf 90' lang='lat' dir='ltr'><strong>triumpho</strong></span> 
     </span>
     <span class='ocr_line' id='line_1_24' title="bbox 183 2991 1333 3074; baseline 0 -19"><span class='ocrx_word' id='word_1_198' title='bbox 183 2991 334 3072; x_wconf 80' lang='lat' dir='ltr'><strong>duxisse⁴)</strong></span> <span class='ocrx_word' id='word_1_199' title='bbox 357 2993 559 3074; x_wconf 90' lang='lat' dir='ltr'><strong>posteaque</strong></span> <span class='ocrx_word' id='word_1_200' title='bbox 582 3012 651 3056; x_wconf 88' lang='lat' dir='ltr'><strong>eum</strong></span> <span class='ocrx_word' id='word_1_201' title='bbox 674 2993 775 3074; x_wconf 90' lang='lat' dir='ltr'><strong>capite</strong></span> <span class='ocrx_word' id='word_1_202' title='bbox 796 3011 909 3074; x_wconf 90' lang='lat' dir='ltr'><strong>poenas</strong></span> <span class='ocrx_word' id='word_1_203' title='bbox 932 2993 1050 3057; x_wconf 90' lang='lat' dir='ltr'><strong>dedisse</strong></span> <span class='ocrx_word' id='word_1_204' title='bbox 1083 2992 1176 3056; x_wconf 87' lang='lat' dir='ltr'><strong>refert</strong></span> <span class='ocrx_word' id='word_1_205' title='bbox 1197 3010 1252 3055; x_wconf 90' lang='lat' dir='ltr'><strong>nee</strong></span> <span class='ocrx_word' id='word_1_206' title='bbox 1273 3011 1333 3057; x_wconf 92' lang='lat' dir='ltr'><strong>non</strong></span> 
     </span>
     <span class='ocr_line' id='line_1_25' title="bbox 185 3091 1334 3191; baseline -0.001 -35"><span class='ocrx_word' id='word_1_207' title='bbox 185 3111 203 3156; x_wconf 94' lang='lat' dir='ltr'><strong>a</strong></span> <span class='ocrx_word' id='word_1_208' title='bbox 225 3091 347 3158; x_wconf 87' lang='lat' dir='ltr'><strong>Valerio</strong></span> <span class='ocrx_word' id='word_1_209' title='bbox 369 3092 504 3157; x_wconf 85' lang='lat' dir='ltr'><strong>Maximo</strong></span> <span class='ocrx_word' id='word_1_210' title='bbox 521 3096 576 3159; x_wconf 88' lang='grc'><strong>111.</strong></span> <span class='ocrx_word' id='word_1_211' title='bbox 598 3093 628 3170; x_wconf 76' lang='grc'><strong>4,</strong></span> <span class='ocrx_word' id='word_1_212' title='bbox 650 3093 671 3154; x_wconf 81' lang='grc'><strong>6</strong></span> <span class='ocrx_word' id='word_1_213' title='bbox 693 3094 744 3174; x_wconf 91' lang='lat' dir='ltr'><strong>qui</strong></span> <span class='ocrx_word' id='word_1_214' title='bbox 766 3092 847 3155; x_wconf 93' lang='lat' dir='ltr'><strong>male</strong></span> <span class='ocrx_word' id='word_1_215' title='bbox 869 3094 972 3191; x_wconf 62' lang='lat' dir='ltr'><strong>opnnia</strong></span> <span class='ocrx_word' id='word_1_216' title='bbox 994 3092 1181 3158; x_wconf 90' lang='lat' dir='ltr'><strong>confundens</strong></span> <span class='ocrx_word' id='word_1_217' title='bbox 1204 3095 1334 3174; x_wconf 87' lang='lat' dir='ltr'><strong>Perpen-</strong></span> 
     </span>
     <span class='ocr_line' id='line_1_26' title="bbox 183 3191 1335 3275; baseline -0.002 -19"><span class='ocrx_word' id='word_1_218' title='bbox 183 3213 253 3257; x_wconf 91' lang='lat' dir='ltr'><strong>nam</strong></span> <span class='ocrx_word' id='word_1_219' title='bbox 276 3193 379 3274; x_wconf 91' lang='lat' dir='ltr'><strong>ipsum</strong></span> <span class='ocrx_word' id='word_1_220' title='bbox 400 3193 605 3274; x_wconf 90' lang='lat' dir='ltr'><strong>triumphasse</strong></span> <span class='ocrx_word' id='word_1_221' title='bbox 627 3193 752 3258; x_wconf 91' lang='lat' dir='ltr'><strong>innuere</strong></span> <span class='ocrx_word' id='word_1_222' title='bbox 774 3192 940 3275; x_wconf 86' lang='lat' dir='ltr'><strong>videtnr⁵):</strong></span> <span class='ocrx_word' id='word_1_223' title='bbox 965 3191 1075 3259; x_wconf 70' lang='lat' dir='ltr'><strong>velleii</strong></span> <span class='ocrx_word' id='word_1_224' title='bbox 1096 3193 1193 3274; x_wconf 88' lang='lat' dir='ltr'><strong>partis</strong></span> <span class='ocrx_word' id='word_1_225' title='bbox 1216 3191 1335 3274; x_wconf 86' lang='lat' dir='ltr'><strong>Trogus</strong></span> 
     </span>
     <span class='ocr_line' id='line_1_27' title="bbox 185 3291 1336 3377; baseline -0.003 -19"><span class='ocrx_word' id='word_1_226' title='bbox 185 3313 305 3377; x_wconf 90' lang='lat' dir='ltr'><strong>quoque</strong></span> <span class='ocrx_word' id='word_1_227' title='bbox 327 3296 455 3359; x_wconf 83' lang='lat' dir='ltr'><strong>fortasse</strong></span> <span class='ocrx_word' id='word_1_228' title='bbox 477 3294 551 3370; x_wconf 85' lang='lat' dir='ltr'><strong>fuit,</strong></span> <span class='ocrx_word' id='word_1_229' title='bbox 579 3294 630 3375; x_wconf 89' lang='lat' dir='ltr'><strong>qni</strong></span> <span class='ocrx_word' id='word_1_230' title='bbox 658 3294 781 3374; x_wconf 76' lang='lat' dir='ltr'><strong>(lustin.</strong></span> <span class='ocrx_word' id='word_1_231' title='bbox 804 3293 823 3357; x_wconf 92' lang='lat' dir='ltr'><strong>l.</strong></span> <span class='ocrx_word' id='word_1_232' title='bbox 846 3293 884 3376; x_wconf 89' lang='grc'><strong>6.)</strong></span> <span class='ocrx_word' id='word_1_233' title='bbox 913 3293 1138 3358; x_wconf 85' lang='lat' dir='ltr'><strong>contentionem</strong></span> <span class='ocrx_word' id='word_1_234' title='bbox 1160 3291 1239 3355; x_wconf 89' lang='lat' dir='ltr'><strong>inter</strong></span> <span class='ocrx_word' id='word_1_235' title='bbox 1260 3292 1336 3355; x_wconf 91' lang='lat' dir='ltr'><strong>Per-</strong></span> 
     </span>
    </p>
   </div>
   <div class='ocr_carea' id='block_1_4' title="bbox 186 3482 383 3490">
    <p class='ocr_par' dir='ltr' id='par_1_5' title="bbox 186 3482 383 3490">
     <span class='ocr_line' id='line_1_28' title="bbox 186 3482 383 3490; baseline 0 0"><span class='ocrx_word' id='word_1_236' title='bbox 186 3482 383 3490; x_wconf 79' lang='lat'><em>-—-—-—.</em></span> 
     </span>
    </p>
   </div>
   <div class='ocr_carea' id='block_1_5' title="bbox 183 3609 1354 4444">
    <p class='ocr_par' dir='ltr' id='par_1_6' title="bbox 183 3609 1335 3766">
     <span class='ocr_line' id='line_1_29' title="bbox 252 3609 1335 3682; baseline 0.001 -15"><span class='ocrx_word' id='word_1_237' title='bbox 252 3613 270 3682; x_wconf 92' lang='lat'><strong>¹)</strong></span> <span class='ocrx_word' id='word_1_238' title='bbox 288 3613 347 3668; x_wconf 88' lang='lat' dir='ltr'><strong>Val.</strong></span> <span class='ocrx_word' id='word_1_239' title='bbox 366 3614 438 3667; x_wconf 84' lang='lat' dir='ltr'><strong>Max.</strong></span> <span class='ocrx_word' id='word_1_240' title='bbox 454 3613 502 3670; x_wconf 90' lang='grc'><strong>111.</strong></span> <span class='ocrx_word' id='word_1_241' title='bbox 520 3611 546 3682; x_wconf 76' lang='lat'><strong>2,</strong></span> <span class='ocrx_word' id='word_1_242' title='bbox 565 3613 597 3666; x_wconf 77' lang='grc'><strong>12</strong></span> <span class='ocrx_word' id='word_1_243' title='bbox 614 3612 727 3666; x_wconf 86' lang='lat' dir='ltr'><strong>Frontin</strong></span> <span class='ocrx_word' id='word_1_244' title='bbox 737 3612 817 3681; x_wconf 65' lang='grc'><strong>1116,</strong></span> <span class='ocrx_word' id='word_1_245' title='bbox 836 3611 869 3665; x_wconf 91' lang='grc'><strong>16</strong></span> <span class='ocrx_word' id='word_1_246' title='bbox 888 3611 956 3665; x_wconf 87' lang='grc'><strong>0166</strong></span> <span class='ocrx_word' id='word_1_247' title='bbox 968 3609 1001 3668; x_wconf 87' lang='lat' dir='ltr'><strong>V.</strong></span> <span class='ocrx_word' id='word_1_248' title='bbox 1017 3611 1048 3664; x_wconf 91' lang='grc'><strong>10</strong></span> <span class='ocrx_word' id='word_1_249' title='bbox 1065 3625 1138 3668; x_wconf 88' lang='lat' dir='ltr'><strong>cons.</strong></span> <span class='ocrx_word' id='word_1_250' title='bbox 1156 3610 1277 3665; x_wconf 90' lang='lat' dir='ltr'><strong>Drnman</strong></span> <span class='ocrx_word' id='word_1_251' title='bbox 1288 3611 1335 3669; x_wconf 88' lang='lat' dir='ltr'><strong>IV.</strong></span> 
     </span>
     <span class='ocr_line' id='line_1_30' title="bbox 183 3698 364 3766; baseline 0.022 -14"><span class='ocrx_word' id='word_1_252' title='bbox 183 3713 210 3766; x_wconf 87' lang='lat' dir='ltr'><strong>p.</strong></span> <span class='ocrx_word' id='word_1_253' title='bbox 228 3698 260 3752; x_wconf 89' lang='grc'><strong>61</strong></span> <span class='ocrx_word' id='word_1_254' title='bbox 279 3713 305 3755; x_wconf 87' lang='lat' dir='ltr'><strong>n.</strong></span> <span class='ocrx_word' id='word_1_255' title='bbox 323 3698 364 3756; x_wconf 83' lang='lat'><strong>30.</strong></span> 
     </span>
    </p>

    <p class='ocr_par' dir='ltr' id='par_1_7' title="bbox 185 3780 1354 4095">
     <span class='ocr_line' id='line_1_31' title="bbox 250 3780 1335 3853; baseline -0.003 -18"><span class='ocrx_word' id='word_1_256' title='bbox 250 3782 471 3853; x_wconf 64' lang='grc' dir='ltr'><strong>2)Η61161116111.</strong></span> <span class='ocrx_word' id='word_1_257' title='bbox 495 3782 604 3839; x_wconf 82' lang='lat' dir='ltr'><strong>victus</strong></span> <span class='ocrx_word' id='word_1_258' title='bbox 627 3787 807 3835; x_wconf 87' lang='lat' dir='ltr'><strong>esttamen</strong></span> <span class='ocrx_word' id='word_1_259' title='bbox 831 3781 969 3835; x_wconf 86' lang='lat' dir='ltr'><strong>Crassus</strong></span> <span class='ocrx_word' id='word_1_260' title='bbox 992 3780 1026 3834; x_wconf 90' lang='lat' dir='ltr'><strong>in</strong></span> <span class='ocrx_word' id='word_1_261' title='bbox 1048 3781 1177 3849; x_wconf 89' lang='lat' dir='ltr'><strong>proelio</strong></span> <span class='ocrx_word' id='word_1_262' title='bbox 1200 3788 1251 3835; x_wconf 89' lang='grc'><strong>661</strong></span> <span class='ocrx_word' id='word_1_263' title='bbox 1273 3781 1335 3850; x_wconf 83' lang='grc'><strong>(161-</strong></span> 
     </span>
     <span class='ocr_line' id='line_1_32' title="bbox 185 3864 1335 3934; baseline -0.003 -13"><span class='ocrx_word' id='word_1_264' title='bbox 185 3872 257 3921; x_wconf 84' lang='lat' dir='ltr'><strong>tasse</strong></span> <span class='ocrx_word' id='word_1_265' title='bbox 276 3874 363 3921; x_wconf 91' lang='lat' dir='ltr'><strong>ortum</strong></span> <span class='ocrx_word' id='word_1_266' title='bbox 381 3883 416 3922; x_wconf 84' lang='lat' dir='ltr'><strong>ex</strong></span> <span class='ocrx_word' id='word_1_267' title='bbox 433 3874 465 3920; x_wconf 87' lang='lat' dir='ltr'><strong>et</strong></span> <span class='ocrx_word' id='word_1_268' title='bbox 491 3883 549 3921; x_wconf 86' lang='lat' dir='ltr'><strong>eum</strong></span> <span class='ocrx_word' id='word_1_269' title='bbox 568 3867 657 3920; x_wconf 88' lang='lat' dir='ltr'><strong>scriba</strong></span> <span class='ocrx_word' id='word_1_270' title='bbox 675 3866 741 3919; x_wconf 92' lang='lat' dir='ltr'><strong>illud</strong></span> <span class='ocrx_word' id='word_1_271' title='bbox 758 3866 864 3920; x_wconf 83' lang='lat' dir='ltr'><strong>victus</strong></span> <span class='ocrx_word' id='word_1_272' title='bbox 886 3872 935 3919; x_wconf 86' lang='lat' dir='ltr'><strong>est</strong></span> <span class='ocrx_word' id='word_1_273' title='bbox 953 3864 989 3918; x_wconf 90' lang='lat' dir='ltr'><strong>ad</strong></span> <span class='ocrx_word' id='word_1_274' title='bbox 1007 3866 1146 3934; x_wconf 84' lang='lat' dir='ltr'><strong>superiora</strong></span> <span class='ocrx_word' id='word_1_275' title='bbox 1164 3865 1278 3920; x_wconf 86' lang='lat' dir='ltr'><strong>referret</strong></span> <span class='ocrx_word' id='word_1_276' title='bbox 1295 3873 1335 3919; x_wconf 84' lang='lat' dir='ltr'><strong>at·</strong></span> 
     </span>
     <span class='ocr_line' id='line_1_33' title="bbox 188 3949 1354 4027; baseline 0 -23"><span class='ocrx_word' id='word_1_277' title='bbox 188 3967 239 4019; x_wconf 93' lang='lat' dir='ltr'><strong>que</strong></span> <span class='ocrx_word' id='word_1_278' title='bbox 257 3967 274 4004; x_wconf 92' lang='lat' dir='ltr'><strong>a</strong></span> <span class='ocrx_word' id='word_1_279' title='bbox 291 3952 334 4004; x_wconf 93' lang='lat' dir='ltr'><strong>his</strong></span> <span class='ocrx_word' id='word_1_280' title='bbox 353 3953 514 4023; x_wconf 83' lang='lat' dir='ltr'><strong>seiungeret)</strong></span> <span class='ocrx_word' id='word_1_281' title='bbox 535 3949 748 4019; x_wconf 61' lang='lat' dir='ltr'><strong>interfectum</strong></span> <span class='ocrx_word' id='word_1_282' title='bbox 771 3950 847 4003; x_wconf 90' lang='lat' dir='ltr'><strong>Pauli</strong></span> <span class='ocrx_word' id='word_1_283' title='bbox 865 3950 971 4002; x_wconf 90' lang='lat' dir='ltr'><strong>codices</strong></span> <span class='ocrx_word' id='word_1_284' title='bbox 989 3949 1178 4018; x_wconf 87' lang='lat' dir='ltr'><strong>Historiaeque</strong></span> <span class='ocrx_word' id='word_1_285' title='bbox 1195 3950 1354 4027; x_wconf 27' lang='lat' dir='ltr'><strong>Miscellae·</strong></span> 
     </span>
     <span class='ocr_line' id='line_1_34' title="bbox 186 4035 607 4095; baseline 0 -6"><span class='ocrx_word' id='word_1_286' title='bbox 186 4036 273 4091; x_wconf 88' lang='grc'><strong>016611</strong></span> <span class='ocrx_word' id='word_1_287' title='bbox 290 4038 373 4090; x_wconf 83' lang='lat' dir='ltr'><strong>verba</strong></span> <span class='ocrx_word' id='word_1_288' title='bbox 389 4036 416 4095; x_wconf 91' lang='lat' dir='ltr'><strong>h.</strong></span> <span class='ocrx_word' id='word_1_289' title='bbox 433 4035 451 4094; x_wconf 91' lang='lat' dir='ltr'><strong>l.</strong></span> <span class='ocrx_word' id='word_1_290' title='bbox 470 4035 607 4090; x_wconf 85' lang='lat' dir='ltr'><strong>exhibent.</strong></span> 
     </span>
    </p>

    <p class='ocr_par' dir='ltr' id='par_1_8' title="bbox 252 4119 1082 4190">
     <span class='ocr_line' id='line_1_35' title="bbox 252 4119 1082 4190; baseline 0.005 -16"><span class='ocrx_word' id='word_1_291' title='bbox 252 4121 270 4187; x_wconf 70' lang='lat'><strong>⁸)</strong></span> <span class='ocrx_word' id='word_1_292' title='bbox 289 4120 332 4174; x_wconf 81' lang='lat' dir='ltr'><strong>Ex</strong></span> <span class='ocrx_word' id='word_1_293' title='bbox 349 4121 408 4190; x_wconf 91' lang='lat' dir='ltr'><strong>ipso</strong></span> <span class='ocrx_word' id='word_1_294' title='bbox 426 4127 457 4175; x_wconf 86' lang='lat' dir='ltr'><strong>ut</strong></span> <span class='ocrx_word' id='word_1_295' title='bbox 473 4119 580 4174; x_wconf 84' lang='lat' dir='ltr'><strong>videtur</strong></span> <span class='ocrx_word' id='word_1_296' title='bbox 596 4120 673 4178; x_wconf 84' lang='lat' dir='ltr'><strong>Eutr,</strong></span> <span class='ocrx_word' id='word_1_297' title='bbox 690 4119 742 4174; x_wconf 85' lang='lat' dir='ltr'><strong>vid.</strong></span> <span class='ocrx_word' id='word_1_298' title='bbox 761 4121 887 4175; x_wconf 91' lang='lat' dir='ltr'><strong>Moerner</strong></span> <span class='ocrx_word' id='word_1_299' title='bbox 903 4136 929 4189; x_wconf 89' lang='lat' dir='ltr'><strong>p.</strong></span> <span class='ocrx_word' id='word_1_300' title='bbox 949 4121 1006 4178; x_wconf 77' lang='lat'><strong>125.</strong></span> <span class='ocrx_word' id='word_1_301' title='bbox 1024 4119 1082 4178; x_wconf 87' lang='grc'><strong>146.</strong></span> 
     </span>
    </p>

    <p class='ocr_par' dir='ltr' id='par_1_9' title="bbox 183 4204 1336 4358">
     <span class='ocr_line' id='line_1_36' title="bbox 252 4204 1336 4275; baseline -0.001 -17"><span class='ocrx_word' id='word_1_302' title='bbox 252 4206 271 4275; x_wconf 87' lang='lat'><strong>⁴)</strong></span> <span class='ocrx_word' id='word_1_303' title='bbox 289 4205 402 4273; x_wconf 84' lang='lat' dir='ltr'><strong>Aquillii</strong></span> <span class='ocrx_word' id='word_1_304' title='bbox 428 4205 592 4273; x_wconf 89' lang='lat' dir='ltr'><strong>triumphum</strong></span> <span class='ocrx_word' id='word_1_305' title='bbox 614 4205 691 4258; x_wconf 85' lang='lat' dir='ltr'><strong>Fasti</strong></span> <span class='ocrx_word' id='word_1_306' title='bbox 715 4219 821 4272; x_wconf 88' lang='lat' dir='ltr'><strong>quoque</strong></span> <span class='ocrx_word' id='word_1_307' title='bbox 848 4205 968 4258; x_wconf 89' lang='lat' dir='ltr'><strong>referunt</strong></span> <span class='ocrx_word' id='word_1_308' title='bbox 994 4205 1041 4258; x_wconf 92' lang='lat' dir='ltr'><strong>sed</strong></span> <span class='ocrx_word' id='word_1_309' title='bbox 1065 4210 1170 4258; x_wconf 84' lang='lat' dir='ltr'><strong>tantum</strong></span> <span class='ocrx_word' id='word_1_310' title='bbox 1196 4219 1235 4258; x_wconf 86' lang='lat' dir='ltr'><strong>ex</strong></span> <span class='ocrx_word' id='word_1_311' title='bbox 1256 4204 1336 4257; x_wconf 87' lang='lat' dir='ltr'><strong>Asia</strong></span> 
     </span>
     <span class='ocr_line' id='line_1_37' title="bbox 183 4290 563 4358; baseline 0 -16"><span class='ocrx_word' id='word_1_312' title='bbox 183 4305 244 4343; x_wconf 88' lang='lat' dir='ltr'><strong>enm</strong></span> <span class='ocrx_word' id='word_1_313' title='bbox 262 4290 442 4358; x_wconf 85' lang='lat' dir='ltr'><strong>triumphasse</strong></span> <span class='ocrx_word' id='word_1_314' title='bbox 460 4295 563 4344; x_wconf 87' lang='lat' dir='ltr'><strong>notant.</strong></span> 
     </span>
    </p>

    <p class='ocr_par' dir='ltr' id='par_1_10' title="bbox 252 4372 1335 4444">
     <span class='ocr_line' id='line_1_38' title="bbox 252 4372 1335 4444; baseline -0.001 -16"><span class='ocrx_word' id='word_1_315' title='bbox 252 4375 274 4444; x_wconf 62' lang='grc'><strong>5)</strong></span> <span class='ocrx_word' id='word_1_316' title='bbox 294 4374 390 4440; x_wconf 85' lang='lat' dir='ltr'><strong>„Cuius</strong></span> <span class='ocrx_word' id='word_1_317' title='bbox 408 4374 464 4427; x_wconf 83' lang='grc'><strong>1116</strong></span> <span class='ocrx_word' id='word_1_318' title='bbox 481 4373 689 4441; x_wconf 86' lang='lat' dir='ltr'><strong>triumphavit..</strong></span> <span class='ocrx_word' id='word_1_319' title='bbox 707 4373 825 4427; x_wconf 90' lang='lat' dir='ltr'><strong>caducus</strong></span> <span class='ocrx_word' id='word_1_320' title='bbox 844 4374 1018 4441; x_wconf 88' lang='lat' dir='ltr'><strong>triumphus”</strong></span> <span class='ocrx_word' id='word_1_321' title='bbox 1036 4374 1088 4426; x_wconf 84' lang='lat' dir='ltr'><strong>vid.</strong></span> <span class='ocrx_word' id='word_1_322' title='bbox 1107 4373 1217 4442; x_wconf 84' lang='lat' dir='ltr'><strong>Kampff</strong></span> <span class='ocrx_word' id='word_1_323' title='bbox 1232 4372 1266 4427; x_wconf 88' lang='lat' dir='ltr'><strong>ad</strong></span> <span class='ocrx_word' id='word_1_324' title='bbox 1279 4372 1305 4424; x_wconf 91' lang='lat' dir='ltr'><strong>h.</strong></span> <span class='ocrx_word' id='word_1_325' title='bbox 1318 4372 1335 4428; x_wconf 91' lang='lat' dir='ltr'><strong>l.</strong></span> 
     </span>
    </p>
   </div>
   <div class='ocr_carea' id='block_1_6' title="bbox 1151 4474 1183 4527">
    <p class='ocr_par' dir='ltr' id='par_1_11' title="bbox 1151 4474 1183 4527">
     <span class='ocr_line' id='line_1_39' title="bbox 1151 4474 1183 4527; baseline 0 -25"><span class='ocrx_word' id='word_1_326' title='bbox 1151 4474 1183 4527; x_wconf 69' lang='lat' dir='ltr'><strong>a*</strong></span> 
     </span>
    </p>
   </div>
   <div class='ocr_carea' id='block_1_7' title="bbox 0 0 1526 4964">
    <p class='ocr_par' dir='ltr' id='par_1_12' title="bbox 0 0 1526 4964">
     <span class='ocr_line' id='line_1_40' title="bbox 0 0 1526 4964; baseline 0 0"><span class='ocrx_word' id='word_1_327' title='bbox 0 0 1526 4964; x_wconf 95' lang='lat' dir='ltr'><strong> </strong></span> 
     </span>
    </p>
   </div>
  </div>
 </body>
</html>
