3038 4964
671 490 831 552 44..

180 672 332 738 concessis
366 692 437 737 cum
469 673 654 756 Diodorus¹)
686 672 806 738 inverso
842 674 945 740 ordine
972 676 1138 740 Romulum
1171 677 1226 741 30
1240 696 1336 744 annos
1404 712 1408 717 ·

181 772 325 856 Tarquin.
360 773 500 838 Priscum
515 774 556 837 37
572 792 667 838 annos
682 791 826 856 regnasse
842 775 959 841 dixerit.
996 776 1032 839 In
1055 776 1184 840 duomm
1206 778 1336 859 denique

180 873 362 939 ultimorum
383 894 492 958 regum
514 873 602 939 arinis
624 873 721 938 Rufus
744 874 865 955 quidem
888 895 958 941 cum
980 875 1067 939 Livio
1095 877 1266 959 conspirat,
1292 879 1336 941 44

179 974 267 1038 annis
294 973 430 1040 Servio
459 974 585 1039 Tullio
612 974 654 1037 25
682 973 888 1055 Tarquinio
912 975 1080 1057 Superbo
1107 975 1231 1042 tributis
1263 997 1334 1042 cum

179 1073 307 1139 Diodori
340 1077 529 1158 excerptores
561 1073 710 1139 Eusebius
737 1074 942 1157 Hieronymus
970 1075 1171 1141 Cassiodorus
1204 1078 1335 1142 eundem

179 1192 328 1239 annorum
350 1194 511 1239 numerum
533 1174 651 1240 diverso
674 1176 765 1239 modo
788 1176 923 1256 (34÷35
941 1195 995 1258 pro
1009 1175 1145 1259 dos-25)
1169 1176 1334 1242 distribue-

179 1277 248 1339 rent
275 1275 427 1340 Diodorus
454 1276 549 1357 ipse²)
576 1276 619 1339 44
645 1276 768 1358 quidem
792 1275 895 1341 Servio
924 1276 978 1340 sed
1005 1276 1170 1358 Tarquinio
1198 1276 1334 1359 Superbo

179 1373 221 1438 24
243 1375 344 1439 solum
366 1377 492 1458 annos³)
515 1376 617 1442 daret:
641 1376 678 1441 de
693 1377 840 1459 Eutropio
862 1376 942 1440 nihil
964 1375 1038 1440 certi
1054 1375 1115 1440 dici
1130 1379 1241 1460 potest,
1264 1396 1335 1441 cum

179 1476 211 1539 in
246 1475 348 1540 codice
380 1470 525 1541 Euldensi
558 1476 633 1542 item
666 1477 748 1559 apud
782 1476 948 1543 Paeanium
978 1475 1114 1540 Tulliani
1145 1476 1334 1559 principatus

179 1575 252 1639 anni
285 1575 452 1640 exciderint
457 1577 497 1658 4;)
531 1579 612 1642 certe
640 1576 775 1659 Superbo
802 1577 844 1640 24
872 1595 966 1641 annos
993 1577 1079 1640 ΕΓΓΕΓ
1106 1576 1216 1641 tribuit
1243 1596 1335 1660 quem

181 1695 343 1741 numemm
377 1680 497 1759 praeter
528 1678 713 1741 Fuldensem
741 1677 944 1742 Paeaniusa
925 1679 1018 1759 atque
1046 1678 1197 1742 Iohannes
1229 1677 1265 1741 sr.
1292 1677 1333 1740 37

181 1777 388 1858 comprobant.
432 1777 509 1842 Uno
538 1777 633 1861 igitur
659 1780 781 1842 tantum
808 1796 885 1842 anno
917 1779 1002 1842 Eutr.
1031 1777 1220 1859 computatio
1248 1797 1267 1842 a
1294 1777 1333 1842 li-

179 1877 270 1940 viana
292 1876 463 1960 discrepare
485 1877 605 1941 uidetur
632 1896 723 1959 qucm
749 1877 863 1942 idcirco
886 1877 1020 1960 Superbo
1041 1876 1225 1959 Eutropium
1248 1878 1332 1942 dem-

179 1977 279 2059 psisse
307 1980 382 2060 puto
410 1979 446 2041 ut
477 1997 655 2042 summam
688 1978 784 2042 totius
812 1997 920 2061 regum
947 1978 1155 2042 Romauomm
1184 1979 1332 2061 temporis

178 2095 249 2141 uno
282 2095 378 2142 anno
410 2077 588 2143 minorem
614 2078 748 2143 efficeret
773 2078 915 2160 idemque
942 2097 1003 2142 non
1029 2077 1092 2140 244
1119 2097 1214 2143 annos
1242 2098 1334 2160 quem

88 2265 89 2268 Ἴ
178 2178 590 2256 numerumnunerum
617 2179 747 2243 3affert
775 2177 984 2260 39424351)
985 2179 1040 2242 ant
1040 2197 1093 2241 um
1120 2197 1216 2243 annos
1242 2179 1333 2243 dura-

180 2277 260 2341 visse
282 2279 437 2360 probaret:
467 2278 553 2343 cuius
576 2278 655 2344 inter
676 2278 799 2343 Livium
821 2280 852 2343 ct
873 2280 957 2343 Eutr
935 2277 1203 2361 rdiscrepantiac
1225 2298 1333 2343 causas

180 2378 260 2442 infra
281 2379 535 2460 pertractabimus
557 2381 599 2462 (p
621 2380 700 2443 24
707 2387 725 2444 b
748 2380 872 2445 sub
895 2379 937 2461 2)

263 2480 395 2543 Breuem
416 2480 556 2563 Eutropii
579 2481 647 2544 Ruti
670 2480 807 2545 Diodori
829 2479 906 2562 (scil.
929 2479 1055 2543 Eusebii
1077 2480 1204 2562 eiusque
1231 2499 1332 2544 excer-

179 2580 317 2663 ptorum)
346 2579 426 2645 Livii
454 2583 485 2645 et
507 2580 661 2647 Ciceronis
688 2600 795 2664 regum
822 2599 970 2645 annorum
996 2580 1232 2664 computationis
1260 2601 1332 2645 con-

180 2683 318 2763 spectum
339 2681 534 2764 apponimus:

250 3105 268 3172 Ι)
286 3103 367 3172 Apud
388 3100 534 3155 Eusebium
562 3107 625 3172 cct.;
651 3102 703 3156 alio
729 3103 788 3157 loco
815 3104 850 3172 (p.
873 3103 923 3156 217
950 3103 1015 3174 Mai)
1038 3103 1172 3156 Eusebius
1193 3103 1227 3156 38
1250 3117 1333 3154 annos

181 3187 326 3257 Tarquinio
344 3186 447 3240 tribuit.

247 3273 269 3340 ²)
287 3271 318 3324 T.
343 3271 389 3326 IV.
411 3287 437 3339 p.
458 3271 491 3325 49
514 3272 555 3326 cd.
579 3272 701 3341 Bipont.;
729 3271 801 3340 apud
823 3271 971 3325 Eusebium
1000 3287 1104 3341 quoquc
1130 3271 1183 3324 alio
1205 3271 1252 3324 illo
1274 3271 1333 3324 loco

179 3373 205 3424 p.
223 3348 273 3408 217
291 3355 406 3424 Syncell.
423 3373 449 3425 p.
466 3357 525 3426 449,
545 3356 584 3410 16.

247 3440 269 3507 ³)
286 3440 367 3508 Apud
384 3441 483 3495 Euseb.
502 3440 566 3498 ibid.
585 3440 699 3510 Syncell.
717 3457 743 3508 p.
760 3440 819 3509 450,
838 3441 861 3493 1.

246 3526 268 3593 4)
286 3524 427 3579 Leidensis
450 3527 465 3579 1
487 3532 514 3579 et
534 3525 551 3579 4
572 3541 712 3578 numerum
733 3524 811 3578 XLII
833 3524 962 3578 exhibent
984 3524 1150 3595 eundemque
1174 3524 1280 3577 Solinus
1311 3524 1334 3590 1,

179 3607 220 3663 25.
239 3639 273 3647 -
290 3608 402 3662 lohann.
420 3609 484 3663 Ant.
502 3610 535 3662 fr.
552 3610 586 3663 35
603 3608 727 3677 (Cedrcn.
745 3625 770 3676 p.
790 3609 839 3663 149
856 3609 891 3677 A)
908 3608 942 3673 44
960 3624 1044 3662 annos
1063 3609 1156 3663 Seruio
1174 3608 1269 3661 tribuit
1287 3607 1334 3660 sed

180 3708 234 3746 non
257 3693 346 3746 omnia
366 3692 394 3745 in
416 3693 468 3746 hoc
491 3692 641 3759 fragmento
667 3709 701 3746 ex
717 3693 850 3761 Eutropio
868 3691 1010 3746 fluxerunt.
1045 3693 1122 3746 Pauli
1145 3691 1334 3761 Historiaeque

179 3776 321 3830 Miscellae
340 3775 446 3830 codices
458 3777 650 3845 Hieronymum
670 3778 755 3830 secuti
772 3793 912 3830 numerum
925 3777 1040 3832 XXXIV
1053 3776 1181 3831 exhibent
1199 3776 1244 3846 qui
1262 3774 1334 3842 apud

181 3876 227 3914 eos
246 3861 331 3929 capi
350 3861 408 3918 init.
428 3867 524 3930 exstat,
543 3862 623 3930 capit.
643 3861 762 3915 eiusdem
781 3862 834 3915 fine
851 3861 896 3915 ubi
914 3876 1053 3914 numerum
1071 3877 1147 3915 suum
1163 3860 1333 3914 Leidensisl

180 3944 282 4014 inserit,
301 3945 395 3999 eodem
414 3945 520 3999 omisso.

248 4031 269 4097 5)
288 4029 372 4094 Quem
394 4046 533 4083 numerum
555 4030 642 4084 Rufus
665 4047 771 4098 quoquc
796 4032 916 4085 exhibet:
944 4028 992 4082 sed
1017 4029 1069 4082 nisi
1095 4029 1201 4083 codices
1228 4027 1332 4096 fallunt,

181 4113 282 4166 nullam
300 4113 494 4168 correctionem
511 4115 539 4168 in
557 4114 722 4183 singulorum
740 4131 832 4184 regum
850 4116 928 4169 annis
946 4112 1100 4167 adhibuisse
1118 4113 1231 4168 videtur.
