3038 4964
674 490 713 501 -
737 452 852 536 ara-1

186 643 349 726 scriptores
371 642 575 726 antiquiorem
595 641 687 705 illum
701 660 863 705 numerum
878 640 1020 705 adhibere
1041 637 1187 722 solent¹):
1210 655 1339 722 quorum

186 745 352 826 Eutropius
384 746 415 807 et
436 744 535 808 Rufus
562 763 586 809 c.
609 743 637 807 2.
661 742 690 806 3.
717 742 915 825 singulorum
948 740 1072 825 quidem
1104 759 1210 822 regum
1244 757 1339 802 annos

186 845 354 909 secundum
374 843 528 925 Livium²)
551 845 725 927 apponunt,
756 862 909 908 summam
931 843 1033 906 autom
1054 859 1115 904 uno
1139 859 1216 904 anno
1238 839 1339 904 mino-

185 965 250 1009 rem
283 944 437 1021 exhibent,
470 962 568 1027 neque
601 944 767 1027 quidquam
794 943 893 1008 Rufus
922 945 959 1008 ut
989 944 1068 1007 hano
1105 940 1340 1022 discrepantiam

186 1044 365 1110 conciliaret
381 1044 491 1109 fecisse
511 1044 632 1109 videtur
653 1044 712 1109 nisi
734 1045 852 1111 codices
874 1044 1031 1126 fallunt³)‚
1059 1062 1075 1106 e
1103 1040 1253 1107 contrario
1276 1043 1338 1105 Eu-

185 1148 261 1228 trop.
285 1145 338 1228 qui
352 1144 474 1209 Livium
497 1146 620 1208 secutus
641 1146 809 1228 interregni
830 1146 922 1230 primi
943 1165 1057 1210 annum
1079 1144 1112 1207 in
1133 1142 1338 1225 eomputatio-

185 1265 256 1310 nem
278 1266 365 1310 suam
388 1248 542 1328 receperat
563 1246 650 1328 (0.2)
672 1246 804 1311 ultimi
826 1247 906 1328 regis
928 1246 1015 1310 annis
1037 1265 1148 1309 unum
1168 1244 1338 1327 dempsisse

185 1346 306 1411 uidetur
326 1346 371 1412 ita
390 1349 427 1410 ut
449 1366 484 1411 er
506 1346 594 1410 XXV
616 1346 726 1429 Tarqu.
750 1345 880 1430 Superbi
906 1346 993 1411 annis
1017 1364 1093 1428 quos
1115 1345 1222 1410 Livius
1244 1364 1338 1428 appo·

185 1447 257 1525 suit,
286 1467 357 1512 suos
379 1446 484 1513 XXIV
506 1447 679 1527 efficeret⁴).
723 1447 821 1512 Nemo
843 1451 955 1523 tamen,
985 1446 1091 1529 quiin
1113 1446 1249 1510 cadentis
1271 1445 1339 1510 aevi

185 1547 384 1629 scriptoribus
404 1548 629 1631 pertractandis
651 1551 789 1613 uersatus
818 1549 879 1625 est,
908 1567 1070 1611 numerum
1096 1548 1176 1610 hunc
1197 1546 1338 1628 Eutropii

185 1647 273 1730 (243)
301 1667 400 1730 neque
422 1668 492 1713 cum
514 1649 598 1713 urbis
620 1649 759 1713 conditae
781 1648 927 1731 temporis
951 1648 1124 1713 definitione
1146 1648 1183 1712 ab
1205 1665 1240 1711 eo
1267 1665 1337 1728 pro-

184 1747 248 1812 lata
256 1746 280 1830 ⁵)
309 1767 407 1830 neque
434 1769 505 1813 cum
534 1750 651 1813 calculo
679 1769 770 1831 quem
797 1749 919 1814 Livium
947 1752 1069 1813 secutus
1096 1748 1211 1813 liberae
1238 1748 1281 1811 rei
1308 1768 1337 1829 p.

75 1870 76 1876 ¹
184 1848 372 1930 temporibus
395 1849 573 1913 definiendis
596 1848 737 1914 adhibuit
758 1849 914 1914 conciliari
935 1868 1025 1932 posse
1046 1848 1219 1913 mirabitur:
1243 1848 1338 1911 immo

185 1950 351 2031 postquam
371 1968 425 2031 per
446 1949 541 2014 libros
556 2007 558 2010 ,
571 1970 623 2015 sex
651 1952 787 2034 integros
811 1951 928 2015 calculo
949 1950 1008 2014 hoc
1028 1967 1102 2013 usus
1125 1950 1202 2030 erat,
1231 1947 1338 2013 multis

186 2048 336 2112 erroribus
360 2051 540 2129 commissis
563 2053 717 2133 postremo
740 2051 875 2133 quinque
897 2051 1051 2134 capitibus
1073 2051 1139 2134 (Vl.
1162 2050 1190 2116 8.
1216 2049 1262 2116 15.
1288 2048 1337 2112 16.

187 2148 234 2214 17.
259 2148 313 2231 18)
335 2168 395 2214 uno
417 2149 541 2216 livianis
562 2152 729 2216 maioribus
752 2152 886 2216 numeris
908 2151 1085 2236 appositis⁶)

136 2251 148 2270 '
267 2250 446 2333 ι0))101101
478 2251 621 2317 liberae
653 2252 908 2335 reipublicae
942 2252 1123 2334 temporis
1160 2270 1337 2316 summam

185 2369 246 2415 non
278 2371 314 2415 ex
346 2351 432 2416 Livio
467 2371 564 2434 neque
592 2354 742 2435 quantum
769 2353 903 2417 iudicare
931 2371 1094 2434 possumus
1122 2371 1158 2416 er
1188 2352 1247 2416 alio
1273 2353 1337 2416 ullo

187 2451 324 2517 melioris
346 2451 412 2517 aevi
439 2452 708 2517 chronicorum
737 2453 883 2536 scriptore
905 2453 1048 2517 haustam
1070 2452 1269 2535 adscripsisse
1285 2453 1339 2516 sed

185 2552 412 2634 computatione
432 2572 507 2617 usus
529 2571 595 2617 esse
616 2552 736 2619 uidetur
751 2554 902 2618 fastorum
924 2554 956 2616 in
970 2552 1123 2636 lapidibus
1146 2553 1338 2635 scriptorum,

185 2653 399 2735 0111010464
425 2653 547 2718 livianis
573 2653 650 2743 467
679 2673 794 2718 annos
822 2673 840 2717 a
865 2653 999 2736 primis
1026 2654 1246 2718 oonsulibus
1273 2672 1337 2717 us-

185 2773 255 2837 que
281 2755 324 2818 ad
352 2754 479 2818 Hirtii
506 2756 542 2819 et
567 2756 714 2820 Pansae
742 2753 986 2819 consulatum
1013 2754 1148 2838 (11101110.)
1179 2756 1335 2836 computa·

184 2856 269 2918 runt:
293 2874 385 2936 quam
407 2874 561 2919 summam
576 2855 603 2919 si
618 2855 656 2919 ad
672 2856 863 2921 catonianum
886 2874 991 2938 regum
1015 2855 1162 2938 temporis
1183 2875 1337 2920 summam

184 2954 276 3037 (243)
295 2955 395 3035 addis,
427 2954 488 3016 110
510 2955 580 3018 anni
603 2957 641 3021 ab
662 2977 691 3022 u.
714 2977 739 3021 o.
762 2975 861 3039 usque
883 2957 922 3020 ad
943 2957 1085 3020 consules
1107 2955 1178 3021 illos
1200 2957 1336 3021 efficiun-

184 3055 234 3117 tur
255 3054 468 3136 conspiratque
490 3057 656 3138 Eutropius
678 3057 762 3137 (Vll.
787 3057 817 3140 1)
841 3056 894 3139 qui
915 3057 1115 3139 superiorem,
1142 3076 1202 3140 quo
1225 3057 1337 3122 Caesar

183 3153 361 3218 interfectus
384 3157 432 3220 est
453 3158 597 3241 annum⁷)
619 3156 1006 3239 septingentesimum
1027 3177 1163 3223 nonum
1186 3157 1335 3242 designat.

189 3253 286 3331 Quem
308 3256 471 3334 calculum,
488 3257 541 3339 qui
562 3257 595 3321 in
611 3257 793 3340 Capitolinis
809 3256 898 3322 fastis
919 3258 1008 3323 nobis
1031 3258 1159 3324 servatis
1182 3258 1337 3324 adhibitus

183 3356 244 3434 est,
276 3357 312 3419 ut
341 3376 408 3421 vere
437 3359 620 3441 Eutropium
648 3357 823 3423 adhibuisse
851 3348 995 3441 putemus
1023 3377 1123 3441 nequo
1156 3378 1230 3423 casu
1257 3358 1338 3421 hunc

183 3474 344 3520 numerum
366 3458 403 3521 ab
426 3477 461 3522 eo
484 3459 657 3542 appositum
680 3479 746 3524 esse
768 3459 985 3538 admittamus,
1014 3480 1085 3526 curn
1107 3459 1186 3524 Rufo
1214 3475 1336 3540 compa-

254 3657 275 3724 1)
292 3655 361 3712 lbid.
379 3675 405 3727 p.
418 3659 468 3712 144
485 3675 510 3712 n.
523 3659 581 3713 210.

253 3741 275 3809 ⁹)
293 3741 382 3811 Supra
398 3760 424 3812 p.
443 3742 544 3797 13-15
561 3743 619 3810 (sub
636 3743 676 3801 lit.
694 3744 723 3813 Ι).

251 3825 357 3892 ³)lbid.
375 3843 401 3895 p.
419 3828 572 3896 141150.
591 3827 731 3896 10013).

250 3911 461 3978 4)111111.0.14.

249 3994 267 4063 5)
285 3994 418 4048 Nimirum
435 3996 538 4050 Romae
548 3997 652 4067 Olymp.
663 3999 713 4067 6‚3
731 3999 854 4053 conditae
868 3999 990 4054 definitio
1008 3999 1068 4067 ipsa
1084 3998 1113 4051 in
1124 3997 1224 4052 liviana
1240 4012 1333 4066 regum
1373 3996 1375 4002 ’

182 4079 310 4146 temporis
329 4095 432 4133 summa
449 4080 522 4150 (244)
540 4082 636 4135 01111111
653 4083 704 4136 vid.
723 4083 874 4138 Mommsen
891 4085 908 4137 l.
927 4099 949 4137 c.
968 4099 995 4151 p.
1014 4082 1072 4136 144.

249 4164 270 4232 ⁶)
288 4163 350 4219 Vid.
370 4179 452 4231 supra
469 4181 495 4233 p.
514 4165 547 4220 17
565 4182 605 4234 sq.
624 4168 683 4232 (sub
701 4167 741 4226 lit.
759 4169 820 4238 111).

178 4245 181 4250 ’
249 4249 380 4318 ⁷)Anno
414 4247 518 4303 urbis‘
543 4251 838 4321 septingentesimo
871 4252 942 4307 fere
977 4266 1013 4307 uc
1041 4267 1127 4307 nono
1157 4252 1336 4310 interfecto

181 4332 381 4395 Caesare...
399 4334 561 4390 Antonius
580 4338 701 4399 consul.
