3038 4964
674 459 841 525 ,85-

185 648 233 709 661
266 645 330 714 scil.
364 667 381 712 6
410 646 597 713 (1666116
630 643 786 712 Calvino
819 662 878 708 cos.
908 643 971 707 630
1003 645 1035 709 et
1068 644 1128 711 On.
1160 643 1335 710 Domitio

185 743 437 815 Ahenobarbo
460 767 520 815 cos.
536 747 606 824 632,
630 743 684 827 661
705 745 796 811 ambo
818 762 866 809 res
887 743 1063 826 praeclaras
1084 743 1117 807 in
1139 743 1243 810 Gallia
1263 763 1333 828 ges·

187 847 303 923 serunt
326 849 379 913 sed
400 850 529 930 uterque
552 866 578 913 a.
594 846 718 911 demum
733 843 810 908 632:
834 844 870 908 de
887 844 919 909 d.
937 842 1032 909 Sentii
1048 843 1168 909 Caluini
1190 844 1226 908 do
1249 843 1334 909 Sal·

185 942 984 1028 1661166161661661Α661666611166666
1007 943 1182 1008 conditis
1205 946 1244 1024 (a.
1259 942 1335 1027 632)

187 1044 248 1111 vid.
270 1047 337 1113 Per.
354 1047 427 1113 LXI
448 1048 488 1113 in.
513 1047 584 1112 Obs.
599 1045 641 1109 32
663 1044 746 1109 Fast.
770 1043 849 1111 ada.
866 1043 928 1107 632
951 1043 1087 1110 Cassiod.
1110 1043 1149 1107 ad
1164 1062 1189 1109 a.
1212 1043 1273 1107 632
1295 1042 1332 1109 61.

187 1144 268 1211 Flor.
283 1147 306 1213 I.
322 1146 363 1210 36
385 1149 456 1231 (111.
479 1148 513 1230 2)
532 1144 687 1211 Ammian.
709 1143 802 1211 Marc.
831 1144 898 1209 XV.
924 1144 972 1223 12,
995 1145 1015 1208 5
1036 1142 1168 1226 Appian.
1192 1143 1268 1208 Oelt.
1292 1142 1332 1207 12

185 1243 310 1310 Diodor.
333 1246 478 1313 XXXIV.
500 1245 536 1312 fr.
558 1245 599 1310 23
622 1242 760 1310 Strabon.
778 1243 834 1312 iV.
858 1263 888 1327 p.
912 1243 980 1311 180,
1007 1243 1054 1308 De
1083 1243 1178 1308 altero
1201 1242 1255 1309 illo
1278 1241 1334 1310 Gn.

185 1344 325 1411 Domitio
352 1345 552 1412 Ahenobarbo
585 1346 616 1409 in
649 1343 718 1409 aliis
746 1363 867 1427 quoque
900 1344 1035 1409 fontibus
1061 1363 1171 1426 parum
1205 1344 1333 1420 constat,
1366 1382 1370 1387 -

185 1464 255 1510 curn
286 1446 387 1512 fontes
415 1444 521 1511 liviani
546 1444 693 1510 Periocha
719 1444 792 1511 LXI
825 1443 964 1510 610666.
988 1445 1023 1511 V.
1059 1443 1098 1506 13
1135 1463 1203 1508 euni
1225 1441 1335 1507 Allo-

183 1545 325 1629 broges
352 1551 474 1612 tautum
503 1546 584 1628 apud
610 1543 789 1610 Vindalium
821 1544 945 1624 vicisse,
980 1544 1131 1609 eosdem
1165 1561 1232 1608 nec
1261 1560 1335 1608 non

183 1644 372 1710 Arvernos
394 1647 661 1728 Bituitumquo
683 1645 823 1727 (Rutrop.
840 1644 860 1711 1.
877 1645 907 1726 6)
929 1661 947 1708 6
968 1643 1093 1711 6666616
1114 1663 1139 1710 6.
1164 1660 1248 1725 6666.
1272 1641 1334 1707 633

185 1744 220 1823 Q.
237 1745 352 1810 Fabio
374 1747 534 1812 Maximo
557 1745 652 1828 (apud
665 1743 848 1809 Rhodanum
869 1745 985 1829 pugna)
1001 1744 1134 1809 domitos
1149 1761 1215 1808 6666
1231 1760 1334 1807 narra·

185 1844 292 1924 verint,
315 1865 404 1927 quam
432 1845 519 1911 Fabii
549 1845 708 1910 victoriam
731 1845 861 1928 Eutrop.
893 1863 1013 1928 quoque
1042 1843 1178 1908 innuisse
1204 1841 1333 1920 videtur,

185 1964 256 2010 oum
292 1945 337 2009 do
375 1945 534 2011 infinita
572 1944 815 2010 multitudino
857 1943 1190 2026 interfectorum)
1226 1941 1336 2007 iuxta

183 2045 407 2111 Rhodanum
446 2045 642 2128 fluuium²)
684 2045 909 2130 ingentique
946 2045 1090 2128 praeda
1127 2062 1143 2108 6
1175 2043 1335 2126 torquibus

186 2145 348 2211 Gallorum
369 2146 453 2210 facta
461 2146 485 2229 ³)
507 2146 600 2210 verba
625 2145 751 2210 faceret:
778 2149 882 2210 tamen
910 2146 1036 2227 llutrop
1059 2145 1190 2210 Fabium
1210 2161 1335 2228 prorsus

184 2264 247 2310 non
282 2246 453 2313 nominauit
489 2245 604 2327 aliique
626 2245 788 2327 scriptores
810 2245 914 2310 ordine
946 2245 1036 2327 plane
1058 2245 1177 2311 inverso
1204 2242 1334 2309 Fabium

184 2344 339 2410 Arvernos
361 2349 393 2411 61
413 2345 606 2429 Allobroges,
629 2363 665 2409 er
687 2363 747 2427 666
767 2346 858 2428 gente
881 2345 1000 2410 devicta
1022 2363 1192 2428 cognomen
1214 2361 1334 2428 quoque

186 2444 311 2527 accepit,
332 2445 505 2511 Domitium
526 2446 648 2511 tantum
662 2444 816 2510 Arvernos
838 2447 869 2509 61
887 2444 1043 2511 Bituitum
1064 2444 1173 2509 6161666
1196 2443 1332 2510 tradide-

183 2545 300 2628 runt⁴):
324 2547 403 2610 certe
418 2545 590 2611 Domitium
611 2564 672 2610 non
693 2543 930 2628 Allobroges
953 2544 1055 2610 solos
1078 2545 1132 2609 sed
1154 2543 1331 2610 61166116-

184 2645 476 2728 666666,166166665)
496 2646 646 2711 16666166
661 2644 771 2711 6161666
786 2665 821 2710 er
839 2645 980 2712 omuibus
1002 2644 1071 2709 aliis
1094 2645 1147 2729 qui
1167 2645 1246 2708 hauc
1266 2662 1331 2710 rem

182 2745 349 2811 innuerimt
370 2746 568 2829 scriptoribus
590 2746 736 2829 elucet⁰):
765 2745 875 2829 quibus
896 2744 1109 2828 Eutropius
1131 2745 1333 2812 adnumeran-

183 2847 241 2912 dus
263 2848 319 2926 est
342 2847 396 2930 qui
417 2846 529 2912 diserte
552 2847 589 2912 de
610 2846 758 2912 Arvernis
781 2865 799 2912 6
819 2847 985 2914 Domitio
1007 2845 1097 2912 616116
1126 2845 1219 2912 verba
1245 2844 1329 2913 facit.

252 3063 269 3132 1)
288 3062 359 3117 CXX
370 3077 405 3121 m.
423 3062 513 3117 occisa
530 3076 590 3117 6666
607 3063 740 3118 Periocha
749 3064 866 3133 Appian.
884 3064 951 3124 Celt.
969 3065 984 3119 1
1003 3063 1100 3119 CXXX
1117 3062 1186 3123 Plin.
1205 3062 1265 3123 VH.
1283 3062 1334 3120 166

183 3146 280 3202 Strabo
297 3147 344 3203 IV.
361 3163 388 3216 p.
406 3147 456 3202 185
473 3146 601 3217 referunt,
619 3147 663 3203 CL
674 3162 708 3201 m.
731 3147 774 3201 661
791 3149 931 3203 66666661
948 3162 1037 3202 mersa
1054 3148 1143 3216 Oroa3
1166 3162 1181 3201 6
1199 3147 1334 3202 contrario

183 3232 210 3286 in
228 3245 319 3300 pugna
336 3231 408 3300 apud
425 3230 579 3285 Vindalium
598 3231 648 3285 XX
659 3247 693 3290 m.
711 3236 815 3286 tantum
833 3248 913 3288 caesa
930 3233 1006 3290 Oros.
1024 3236 1108 3289 notat.

220 3323 222 3327 '
249 3315 330 3385 ²)De
352 3315 431 3369 Fabii
453 3330 544 3384 pugna
565 3315 642 3374 Oros.
665 3314 704 3370 ad
726 3321 856 3385 pontem
877 3315 1031 3371 Rhodani
1052 3315 1152 3369 factam
1174 3328 1234 3369 6666
1256 3313 1333 3368 dicit:

182 3399 306 3454 nimimnr
325 3399 424 3454 accidit
441 3400 479 3455 ad
497 3401 622 3454 Isaram
640 3400 693 3458 vid.
705 3399 833 3458 Plinio.
848 3401 972 3457 Strabcn.
983 3400 1030 3458 IV.
1043 3416 1069 3470 p.
1083 3397 1139 3456 185.
1153 3398 1246 3453 19161.
1260 3398 1332 3453 Flor.

183 3483 203 3536 Ι.
221 3484 255 3538 36
272 3483 333 3552 (111.
351 3483 380 3536 2:
398 3485 526 3538 Isara..
550 3490 577 3538 et
597 3484 702 3554 inpiger
718 3484 856 3539 fluminum
873 3484 1074 3554 Rhodanus).
1093 3483 1218 3538 Ceterum
1234 3482 1333 3553 prioris

182 3582 288 3635 quoque
306 3583 411 3636 pugnae
428 3568 503 3623 locus
521 3568 556 3622 ad
573 3568 734 3623 Rhodanum
751 3567 804 3622 fuit
820 3568 884 3637 (vid.
904 3568 1028 3625 Strabon.
1045 3568 1073 3622 11.
1092 3567 1148 3637 cc).

249 3651 269 3720 ³)
287 3653 362 3720 Quae
379 3653 455 3706 Eutr.
474 3652 546 3707 66166
565 3653 661 3707 afferre
678 3652 793 3710 videtur.

249 3736 366 3805 4)1’6611
386 3737 513 3806 triumph.
537 3741 565 3791 et
581 3736 677 3792 Vellei.
699 3736 735 3795 II.
758 3736 803 3806 10,
823 3737 841 3791 2
862 3735 905 3803 (cf.
923 3735 959 3795 11.
977 3735 1023 3806 99,
1046 3736 1072 3806 1)
1098 3735 1234 3791 inversum
1259 3735 1332 3792 hunc

182 3819 302 3874 ordinem
320 3827 436 3878 servant.
765 3844 768 3849 ·

249 3905 269 3972 ι)
286 3903 347 3960 Vid.
365 3905 440 3962 Fast.

248 3988 268 4057 6)
286 3988 398 4042 Praeter
415 3987 502 4043 Vellei
519 3987 536 4040 1.
548 4002 570 4045 6.
587 3987 641 4046 rid.
657 3988 781 4043 Straton.
790 3988 837 4047 IV.
855 4005 882 4058 p.
901 3987 950 4042 191
968 3987 1076 4041 Sueton.
1094 3985 1195 4041 116662
1211 3987 1328 4059 Appian.

181 4071 247 4130 Celt.
270 4072 303 4125 12
328 4072 386 4140 (661
407 4072 553 4126 Domitium
575 4071 736 4127 Bituitum
762 4088 872 4141 regem
892 4071 1105 4138 Allobrogum
1127 4071 1224 4127 vicisse
1247 4072 1330 4144 dicit).

179 4155 279 4210 Parum
300 4156 386 4225 liquet
407 4156 440 4211 de
459 4157 511 4211 Cic.
535 4172 585 4225 pro
606 4156 685 4210 Font.
704 4156 745 4226 16,
772 4157 805 4210 96
831 4156 882 4225 (12,
904 4154 1009 4224 26)-
1025 4155 1150 4210 Ammian
1167 4156 1251 4212 Marc.
1270 4157 1329 4214 XV.

180 4240 225 4310 12,
247 4240 264 4294 6
284 4238 441 4295 1666166166
468 4239 629 4296 denomino
651 4240 858 4310 Allobrogici
884 4239 970 4295 Fabio
991 4239 1077 4294 indito
1094 4239 1329 4319 (Allobrogum

179 4329 280 4402 genta
297 4323 441 4397 devicta)
458 4322 542 4378 rerba
559 4323 633 4390 facit,
