3038 4964
679 483 847 548 ,35-

305 699 489 758 Cassiodor‚
706 700 889 769 Eutropius
1107 704 1222 757 Livius

188 833 226 900 (4)
256 832 289 887 de
318 833 415 901 quibus
443 834 541 887 trium·
560 834 825 902 (19)1tatertio¹)
843 836 935 889 trium·
962 852 983 890 c.
1002 838 1048 905 49,
1067 837 1096 892 7:
1117 837 1285 905 triumphans
1311 838 1339 891 in

187 917 274 984 phans
291 916 320 970 in
338 916 407 970 urbe
558 917 937 986 phansurbemingressusest
961 920 1055 974 urbem
1073 921 1145 974 redit

961 1004 1085 1072 interque
1111 1005 1184 1058 iocos
1210 1004 1339 1058 militares

772 1156 774 1159 Ι
963 1102 1030 1156 quos
1056 1087 1210 1143 inconditos
1237 1088 1339 1141 iaciunt

188 1169 225 1233 (5)
239 1168 331 1235 quasi
349 1174 381 1222 et
399 1169 470 1237 ipse
488 1184 541 1237 pa·
560 1169 615 1238 (20)
625 1173 652 1223 et
664 1169 815 1238 appellatus
827 1184 936 1224 secun·
948 1168 950 1172 ’
962 1172 1120 1226 Romulus
1149 1186 1180 1224 ac
1206 1186 1305 1240 parens

187 1251 273 1306 triae
300 1252 453 1307 conditor
476 1253 614 1307 Ro-dus
646 1253 800 1307 Romulus
836 1254 933 1322 quasi
959 1256 1063 1323 patriae
1094 1254 1313 1323 conditorque

187 1336 291 1389 mulus
316 1337 415 1391 meruit
437 1352 538 1394 nuncu
556 1338 675 1405 etipse
700 1337 833 1407 patriae
857 1353 933 1392 con·
959 1339 1046 1393 alter
1063 1339 1154 1392 urbis
1173 1339 1247 1392 haud
1262 1338 1338 1392 vanis

109 1463 112 1468 .
186 1419 279 1489 pari.²)
556 1420 681 1489 ditor.²)
959 1422 1083 1476 laudibus
1101 1423 1296 1491 appellabatur.
1305 1423 1325 1490 ²)

188 1610 388 1617 ——mv—

187 1720 324 1774 deuntes
347 1722 465 1777 Gallos
488 1723 633 1791 (Cassiod.;
657 1723 821 1777 abeuntes
840 1724 947 1778 Servius
970 1730 1156 1778 remeantes
1174 1723 1261 1777 Rufus
1286 1737 1336 1776 re·

187 1811 360 1859 cesserunt
380 1806 468 1874 Eutr.)
492 1813 626 1861 secutus
653 1807 736 1874 (Serv.
755 1806 844 1876 Eutr.)
863 1808 960 1861 cecidit
978 1814 1005 1861 et
1023 1814 1078 1860 tum
1097 1806 1202 1861 demum
1226 1820 1336 1859 aurum

187 1888 291 1941 rettulit
318 1889 389 1955 (Rus.
409 1890 600 1958 Serv.'Eutr.):
629 1906 697 1959 quae
723 1907 777 1944 non
796 1906 861 1944 casu
886 1890 1097 1961 ascriptoribus
1123 1889 1239 1945 laudatis
1265 1890 1337 1942 dicta

187 1985 246 2024 esse
263 1978 408 2041 propterea
425 1989 530 2042 censeo,
544 1973 615 2042 quod
633 1974 678 2042 qui
696 1974 878 2042 plenissimam
897 1976 1078 2028 narrationem
1098 1973 1208 2027 exhibet
1228 1972 1336 2026 Servius

187 2056 281 2124 (supra
298 2056 348 2108 sub
366 2057 406 2110 lit.
425 2059 468 2127 13)
495 2058 621 2126 explicite
639 2058 691 2111 hoc
708 2073 761 2111 non
788 2058 836 2111 sub
855 2059 993 2114 moenibus
1011 2060 1113 2112 Romae
1140 2058 1188 2110 sed
1205 2056 1336 2109 Pisauri

186 2139 316 2193 accidisse
333 2139 417 2195 refert
444 2141 505 2208 (vid.
525 2141 677 2208 Schwegler
695 2159 720 2210 p.
744 2142 795 2195 262
820 2159 845 2196 n.
864 2143 905 2210 bl:
931 2144 1022 2210 itaque
1048 2141 1230 2196 narrationem
1256 2155 1336 2207 quam

186 2223 320 2277 Diodorus
337 2224 366 2277 in
383 2224 456 2278 fonte
474 2240 522 2279 suo
539 2225 653 2294 invenit,
680 2226 800 2280 cadentis
819 2226 877 2280 aevi
896 2227 1040 2295 scriptores
1058 2225 1193 2294 recepisse
1211 2223 1336 2276 videntur

186 2306 337 2374 etquidem
355 2307 394 2362 ita
412 2314 442 2361 ut
460 2324 518 2362 eam
537 2326 597 2363 cum
614 2309 683 2363 falsa
702 2309 816 2377 quadam
834 2309 906 2364 vocis
924 2310 1030 2363 Pisauri
1048 2309 1209 2377 etymologia
1227 2307 1335 2360 coniun-

186 2397 291 2460 gerent3
320 2396 438 2446 ceterum
457 2392 490 2446 de
508 2393 567 2447 loco
585 2394 630 2447 ubi
649 2393 720 2448 Galli
737 2393 809 2447 caesi
827 2392 913 2447 sinte
931 2394 1049 2447 Diodoro
1067 2392 1134 2446 nihil
1152 2396 1270 2459 constat,
1289 2390 1335 2457 qui

186 2481 276 2530 autem
295 2476 406 2530 eandem
433 2475 531 2530 famam
558 2483 664 2531 secutus
683 2493 742 2532 esse
765 2477 870 2532 videtur
886 2478 1026 2547 Appianus
1053 2475 1178 2544 (Hannib.
1196 2475 1223 2542 8)
1249 2487 1334 2540 usque

186 2559 228 2612 ad
257 2561 495 2628 Appeniuum
523 2562 615 2615 Gallos
642 2562 780 2616 Camillum
806 2568 976 2631 persecutum
1001 2575 1060 2614 esse
1087 2563 1180 2613 narrat
1211 2553 1334 2634 (αὐτοὺς

187 2637 351 2716 ἐξελαύνων
386 2636 544 2719 Κάμιλλος
577 2643 707 2703 ἐδίωκε
735 2646 841 2724 μεχρὶ
881 2647 946 2704 τῶν
967 2641 1191 2702 ’Λππενίνων
1218 2634 1333 2717 ὁρῶν).

185 2739 376 2792 Animadverte
395 2736 521 2806 denique,
546 2738 763 2792 fortasse'totam
780 2740 851 2793 hanc
867 2739 1050 2793 narrationem
1067 2737 1095 2790 in
1117 2736 1217 2790 fontem
1235 2736 1333 2788 Eutro-

186 2824 230 2891 pio
248 2823 319 2876 Rufo
338 2821 497 2875 Cassiodoro
515 2838 681 2875 communem
703 2839 717 2878 e
737 2823 843 2877 Scholia
870 2824 959 2891 aliquo
977 2823 1125 2890 Virgiliano
1151 2820 1280 2874 transisse
1302 2819 1334 2872 li·

185 2908 322 2974 viauisque
347 2905 511 2975 adscriptam
535 2922 605 2976 esse3
633 2922 702 2973 quae
725 2908 795 2961 enim
812 2907 899 2961 Rufus
916 2908 1116 2975 Eutropiusque
1141 2906 1206 2960 item
1225 2904 1333 2958 Servius

186 2991 222 3044 de
240 2990 345 3057 siguis
367 2989 575 3045 militaribus
598 3007 614 3044 a
631 2991 742 3045 Camillo
760 2992 905 3062 reportatis
924 2992 1052 3046 exhibent
1070 2991 1176 3046 omnino
1193 3004 1244 3044 nec
1262 2988 1334 3057 apud

184 3075 289 3128 Livium
307 3089 357 3128 nec
375 3075 446 3143 apud
469 3076 733 3144 alium‘quemquam
761 3076 918 3145 scriptorem
946 3077 1037 3129 inveni
1050 3099 1051 3103 ¹
1063 3076 1206 3145 (Diodorus
1222 3075 1239 3128 l.
1259 3091 1280 3128 c.
1300 3074 1333 3129 dc

142 3183 144 3188 ·
185 3153 338 3236 ἀποσκευή
355 3164 386 3212 et
400 3155 437 3217 τὰ
457 3158 667 3236 διηρπασμένα
686 3160 770 3214 rerba
786 3160 862 3228 tacit)
880 3165 989 3229 praeter
1000 3160 1140 3227 Virgilium
1158 3159 1233 3213 cuius
1251 3159 1353 3212 verba·

185 3241 291 3296 Servius
313 3242 330 3295 l.
349 3258 371 3301 c.
395 3242 539 3310 explicavit
566 3244 666 3311 (aspice
689 3245 854 3312 Torquatum
877 3251 904 3297 et
929 3243 1129 3297 referentem
1155 3243 1247 3308 signa
1273 3243 1332 3296 Ga·

184 3325 331 3394 millum).

251 3412 272 3476 ¹)
290 3410 404 3465 Tertio
422 3426 493 3464 anno
511 3411 616 3465 demum
634 3412 757 3480 sequenti
775 3411 861 3479 (Eutr.
873 3411 937 3469 lI.l
954 3410 1012 3464 Liv.
1025 3409 1105 3477 VIA,
1119 3411 1145 3478 1)
1157 3410 1333 3479 triumpharit

184 3493 310 3548 Camillus
336 3495 389 3552 vid.
410 3494 486 3562 Elog.
510 3495 583 3553 Cam.
608 3496 637 3549 in
659 3496 686 3549 G.
709 3496 730 3552 Ι.
748 3496 769 3553 Ι.
795 3511 821 3563 p.
839 3494 890 3548 285
915 3511 941 3552 n.
959 3496 1005 3548 25:
1032 3498 1200 3562 computasse
1226 3493 1332 3547 ridetur

183 3575 260 3630 Eutr.
277 3578 404 3634 uictorias
420 3579 525 3633 Camilli
543 3580 577 3634 ab
595 3580 654 3647 ipso
671 3585 831 3634 memoratas
850 3594 934 3646 eoque
951 3579 1030 3632 modo
1048 3584 1078 3630 ut
1090 3578 1122 3631 de
1135 3577 1249 3632 Faliscis
1266 3594 1331 3646 quo·

184 3677 234 3728 que
253 3677 314 3716 eum
331 3663 511 3732 triumphasse
528 3669 637 3733 putaret
654 3664 718 3732 (vid.
735 3679 750 3717 e
768 3669 853 3717 contr.
871 3664 927 3717 Liv.
945 3664 977 3718 V.
995 3663 1038 3732 28,
1057 3663 1083 3731 1)
1110 3661 1240 3716 adductus
1263 3676 1330 3715 esse.

250 3747 272 3815 ¹)
289 3747 460 3815 Repetuntur
477 3747 545 3802 haec
562 3763 579 3801 a
596 3747 673 3801 Livio
691 3748 752 3816 vll,
770 3750 794 3816 1,
813 3750 846 3802 10
863 3748 1009 3816 eademque
1028 3747 1168 3801 occasione
1187 3746 1221 3800 ab
1232 3747 1330 3800 Eutro-

182 3830 227 3898 pio
244 3831 280 3884 Π.
306 3832 330 3884 4.
348 3862 382 3870 -
399 3830 442 3884 Ex
463 3831 543 3885 simili
569 3831 700 3900 Eutropio
723 3831 935 3899 Cassiodoroque
962 3832 1036 3886 tonte
1054 3829 1255 3885 Themistius
1282 3845 1331 3884 sua

182 3914 305 3968 hausisse
323 3915 440 3983 videtur,
467 3916 512 3983 qui
529 3916 559 3968 iu
576 3921 653 3970 sexta
671 3916 792 3969 oratioue
811 3915 872 3984 (vid.
892 3915 954 3970 edit.
972 3915 1127 3984 Dindorffii)
1155 3916 1183 3968 in
1201 3915 1330 3969 Constan-

183 3996 249 4052 tium
267 3997 362 4051 habita
379 3999 480 4054 eisdem
502 4013 588 4068 paene
605 4000 695 4054 verbis
713 4001 753 4054 rei
778 3999 857 4054 huius
883 3998 1018 4054 meminit:
1044 4017 1069 4068 p.
1096 4000 1168 4054 430
1190 3990 1253 4057 εἶτα
1262 3993 1331 4058 Κά-

180 4081 288 4156 μιλλον
306 4077 362 4157 μὲν
382 4076 409 4142 ὃι
431 4076 497 4141 τότε
523 4077 701 4162 δεύτερον
721 4077 864 4161 ἐνόμισαν
884 4081 1057 4159 ὀικίστην
1077 4074 1122 4141 ὅτι
1143 4105 1181 4142 τα
1201 4080 1330 4159 λείψανα

182 4174 394 4312 τῆς179Κὲλτιόν
426 4173 594 4258 ἐπιδρομῆς
624 4168 818 4235 taraucam:
852 4177 953 4247 repetit
981 4177 1075 4231 eadem
1103 4176 1131 4231 in
1161 4177 1235 4232 Orat.
1253 4176 1329 4234 ΧΠΙ.

180 4274 206 4328 p.
315 4299 320 4312 .

1146 4345 1181 4407 3*
