3038 4964
686 453 852 516 -54-

194 634 279 718 Virg.
303 636 379 701 Aen.
405 637 453 701 Vl.
487 635 548 700 819
575 636 641 718 (qui
663 636 846 719 Tarquinius
869 637 1039 703 dicebatur:
1068 637 1108 703 ob
1136 638 1216 720 quod
1244 639 1349 703 solum

195 737 254 800 ast
274 736 366 800 urbe
388 737 566 820 depulsus
577 738 613 817 ¹))
635 737 732 802 secuti
756 740 841 813 sunt,
864 738 939 802 dum
960 756 1030 802 curn
1053 736 1142 802 Liuio
1164 738 1249 804 Plut.
1274 739 1293 805 l.
1317 759 1343 805 o.

195 835 270 899 item
285 835 410 919 Dionys,
428 839 462 902 V.
487 836 525 899 12
540 854 576 900 er
599 855 633 901 eo
656 836 715 901 Dio
731 836 814 902 Cass.
838 837 917 920 apud
930 837 1028 901 Zonar
1050 837 1118 903 Vll.
1135 837 1175 900 12
1195 857 1225 920 p.
1241 837 1345 902 3341)

196 937 430 1016 consentiunt²lz
443 956 524 1002 cous.
540 935 578 1000 dc
589 939 656 1001 tota
670 937 727 1001 hae
745 937 920 1019 quaestione
935 937 1108 1002 Mommsen
1119 936 1239 1002 Rubino
1251 937 1285 1002 ll.
1299 957 1344 1002 ce.

196 1033 368 1118 Schuegler
389 1037 428 1100 ll.
450 1057 480 1119 p.
503 1035 607 1100 43-4
629 1056 657 1119 p.
680 1036 812 1102 79--82,

281 1138 295 1201 Ι
325 1137 376 1200 15:
399 1136 436 1200 de
451 1136 611 1202 Coriolano
634 1136 720 1201 addit
736 1138 819 1205 liutr.
841 1140 948 1220 atque
969 1137 1027 1202 hie
1049 1137 1239 1203 secundus
1260 1140 1348 1220 post

197 1236 326 1316 Tarqu.
359 1236 435 1301 luit
457 1238 518 1320 qui
551 1237 621 1301 dur
644 1241 777 1302 contra
804 1238 974 1322 patriam
1001 1258 1107 1303 suam
1134 1239 1240 1303 esset
1268 1256 1348 1320 quae

196 1355 257 1400 non
284 1337 364 1419 apud
386 1337 506 1402 Livium
534 1338 678 1421 leguntur
706 1337 742 1403 ol.
770 1338 897 1421 Dionys.
927 1339 964 1404 Π.
992 1338 1032 1402 66
1056 1331 1075 1416 ἢ
1099 1334 1154 1413 μὲν
1179 1328 1346 1414 operest)

197 1426 349 1510 Ρωμάιοις
369 1431 542 1510 ἐμπεσοῦσα
561 1432 652 1511 μετὰ
678 1432 741 1513 τὴν
766 1433 925 1514 ἐκβολὴν
949 1439 1020 1495 τῶν
1043 1433 1231 1512 βασιλέων
1255 1429 1348 1495 στά-

198 1544 255 1596 σις
280 1530 311 1593 et
333 1528 394 1595 Cic.
416 1529 455 1593 ad
476 1529 541 1594 Att.
562 1529 616 1595 Ill.
644 1528 697 1607 10,
725 1529 745 1593 3
767 1530 819 1594 ubi
842 1530 936 1595 simili
958 1531 1048 1596 modo
1071 1530 1250 1597 Coriolanus
1274 1551 1346 1596 cum

196 1628 360 1713 Tarquinio
382 1628 584 1711 coniungitur.

281 1731 312 1795 ll
335 1728 371 1792 d:
397 1728 594 1812 singulare
616 1729 771 1795 Corvini
794 1749 872 1795 cum
895 1731 1006 1797 Gallo
1031 1731 1263 1814 certamen⁴)
1286 1731 1347 1797 eis-

197 1830 267 1894 dem
293 1848 388 1912 paene
409 1828 509 1894 verbis
536 1829 647 1911 quibus
670 1829 775 1896 Livius
799 1830 864 1894 VH.
892 1830 934 1894 26
956 1832 1081 1914 eiusque
1108 1831 1177 1896 fons
1199 1830 1347 1897 Claudius

197 1928 417 2012 Quadrigarius
450 1927 499 2009 (fr.
524 1929 562 1991 12
584 1931 675 1994 Peter
701 1929 781 2012 apud
804 1929 939 1996 Gellium
969 1930 1008 1994 N.
1029 1930 1067 1996 A.
1094 1932 1148 1997 IX.
1179 1933 1231 2015 11)
1260 1934 1347 1998 Eutr.

196 2031 311 2094 narrat:
338 2029 391 2093 sed
413 2047 483 2093 cum
504 2029 612 2094 Livius
635 2029 754 2095 Gellius
775 2031 850 2095 item
883 2029 937 2094 alii
959 2031 1122 2114 scriptores
1130 2033 1154 2115 ὁ)
1180 2032 1347 2117 galeae⁶)

195 2129 311 2194 Valerii
332 2147 457 2194 corvum
483 2128 632 2194 insedisse
659 2130 777 2210 dicant,
800 2132 885 2195 Eutr.
909 2131 1012 2197 solus
1026 2133 1050 2214 7)
1083 2134 1176 2198 verba
1208 2153 1346 2199 corvus

197 2229 232 2294 ei
254 2247 365 2312 supra
386 2228 558 2295 dextrum
585 2231 779 2296 brachium
808 2230 908 2296 sedit
933 2231 1039 2297 habet:
1067 2251 1143 2314 quae
1164 2253 1225 2299 non
1247 2253 1348 2300 errore

196 2331 316 2394 mutata
337 2348 403 2394 esse
425 2329 478 2396 sed
500 2331 629 2396 fortasse
651 2350 686 2395 er
708 2332 843 2414 pleniore
870 2331 963 2397 huius
985 2330 1030 2396 rei
1051 2333 1225 2398 narratione
1237 2333 1262 2410 ⁸)
1288 2334 1347 2399 flu·

195 2429 277 2496 risse
298 2429 445 2496 videntur.

266 2615 286 2680 1)
305 2613 389 2668 Totus
408 2613 493 2668 Servii
519 2615 594 2668 locus
617 2606 789 2674 singulariter
812 2623 871 2660 cum
893 2607 1006 2676 Eutrop.
1034 2607 1152 2662 concinit
1177 2608 1238 2677 (vid.
1265 2623 1348 2677 supra

197 2713 224 2765 p.
242 2696 274 2751 31
292 2714 319 2756 n.
337 2697 372 2765 1):
390 2696 530 2751 confundit
547 2703 638 2751 tamen
656 2689 845 2760 Tricipitinum
862 2705 921 2746 cum
940 2691 1078 2746 Collatino.
1232 2754 1234 2757 ¹

265 2779 357 2850 2)Sed
383 2780 451 2834 alias
476 2781 555 2849 plane
583 2793 678 2834 causas
705 2775 868 2831 abdicationi
894 2775 933 2829 illi
958 2776 1069 2846 Dionys.
1094 2784 1122 2832 et
1138 2777 1190 2832 Dio
1217 2776 1348 2832 subdunt:

197 2871 272 2919 recte
299 2863 513 2931 antiquissimam
536 2864 634 2918 famam
650 2861 727 2916 Eutr.
750 2866 858 2914 secutus
881 2865 922 2914 est
944 2875 1005 2914 cum
1022 2861 1184 2915 Collatinum
1206 2866 1348 2931 propter

198 2963 313 3003 nomen
338 2947 418 3002 urbe
446 2948 590 3002 cessisse
617 2949 650 3015 (e,
674 2947 707 2999 10
727 2943 828 2999 finci.
852 2960 873 2998 c.
897 2944 922 3014 9)
949 2944 1067 3000 diceret:
1094 2946 1146 3000 vid.
1169 2947 1260 3001 Pison.
1281 2946 1299 2999 l.
1324 2961 1346 3000 e.

198 3032 257 3087 Liv.
276 3032 309 3085 ΙΙ.
327 3031 352 3101 2,
370 3032 386 3086 3
404 3031 532 3101 (nomen
549 3031 662 3086 invisum
676 3071 698 3082 ..
716 3045 770 3084 non
788 3029 897 3098 placere
914 3031 1041 3100 nomen)
1060 3030 1180 3085 Ciceron.
1199 3031 1272 3085 Flor.
1291 3032 1347 3084 Au-

199 3117 296 3184 gustin.
319 3117 440 3173 Servium
463 3117 490 3170 ll.
513 3133 551 3170 ee.
574 3117 607 3175 ef.
624 3117 737 3170 Varrou.
765 3130 807 3183 ap.
829 3113 945 3169 Nonium
968 3131 993 3183 p.
1016 3115 1067 3168 222
1089 3132 1112 3168 v.
1130 3115 1244 3170 Reditus
1263 3114 1347 3184 (Plut.

199 3202 215 3255 l.
235 3218 256 3257 e.
276 3208 416 3271 utramque
435 3217 543 3257 causam
560 3202 706 3270 coniungit)
724 3201 756 3254 ci.
776 3198 927 3266 Schwegler
943 3199 978 3256 Il.
995 3216 1019 3267 p.
1034 3199 1068 3253 82
1085 3216 1110 3253 n.
1123 3200 1147 3254 3.

266 3289 287 3356 ³)
305 3286 341 3341 Et
359 3288 467 3357 quidem
484 3286 565 3342 falso:
583 3286 696 3354 negligit
711 3285 821 3352 Dionys.
840 3284 952 3352 primam
969 3283 1057 3351 plebis
1076 3285 1262 3340 secessionem.

266 3375 287 3442 4)
305 3372 349 3427 Ex
365 3372 442 3426 Eutr.
460 3372 594 3428 Iohannes
612 3373 674 3424 Ant.
694 3386 735 3437 ap.
755 3369 864 3423 Suidam
881 3385 904 3422 v.
922 3384 947 3422 v.
957 3365 1076 3444 Κελτοί,
1094 3362 1248 3446 ἀμύσσειν,
1263 3368 1350 3446 Κορ-

198 3459 292 3534 βῖνος,
315 3449 473 3532 ἐπώνυμον
492 3461 520 3510 et
535 3454 682 3509 Planudenr
700 3453 731 3506 ir.
751 3453 790 3506 18.

267 3543 286 3610 ⁵)
303 3542 368 3598 Flor
384 3542 405 3595 I.
424 3540 441 3594 8
458 3539 510 3608 (13)
527 3539 578 3593 Dio
597 3554 639 3607 ap.
658 3539 755 3592 Zonar.
773 3538 833 3592 VH.
850 3539 885 3592 25
902 3555 927 3607 p.
945 3539 994 3592 361
1013 3539 1038 3592 Ι)
1056 3538 1165 3608 Dionys.
1183 3539 1349 3599 11111111-

199 3631 243 3680 tor
268 3642 290 3681 c.
308 3627 341 3680 29
376 3624 526 3692 Quintilian
543 3623 578 3676 ΙΙ.
596 3624 621 3692 4,
648 3623 681 3676 18
706 3621 782 3689 Elog.
796 3622 900 3677 Coruin.
918 3638 959 3691 ap.
978 3623 1089 3676 Heuzen
1107 3623 1348 3688 num.ssrs<e.1.

199 3711 285 3780 Neap.
298 3710 397 3779 370*)).

267 3796 288 3863 6)
307 3787 420 3871 lipsiaco
437 3792 548 3859 Dionys.
567 3791 664 3846 Zonar.
683 3791 709 3844 ll.
729 3806 766 3845 ec.

269 3879 287 3947 7)
305 3878 379 3946 Quae
396 3892 492 3945 graece
510 3881 619 3930 vertunt
636 3875 663 3929 ll.
677 3891 714 3930 co.
733 3875 868 3930 Planudes
886 3879 913 3928 et
931 3875 1027 3929 Suidas
1046 3876 1080 3941 (v.
1091 3873 1206 3935 Κελτοί
1217 3867 1349 3952 stripeiu-

339 3954 346 3977 Ι
389 3959 394 3972 ι
544 3951 552 3977 Ι
646 3961 660 3976 ω
697 3960 721 3973 -ι
757 3961 771 3975 u
816 3952 824 3978 Ι

160 4051 162 4055 γ
201 3968 291 4119 ω’)
308 3956 658 4120 tristitiis}
681 3956 1084 4109 ltilittttltlttt.
1107 4058 1185 4108 ...0
1211 4068 1349 4123 pa...

202 4133 422 4202 commissam,
450 4151 519 4190 cum
545 4137 772 4205 processisset
793 4144 947 4193 armatus.
982 4134 1085 4193 Gellius
1107 4137 1255 4206 Liuiusque
1276 4136 1303 4207 (ξ
1321 4137 1348 4205 3)

202 4217 393 4274 conserenti
419 4218 480 4272 iam
502 4236 629 4275 manum
653 4221 794 4276 Romano
816 4221 898 4290 (Gellz
922 4221 1131 4289 congrediuntur
1151 4228 1179 4278 et
1200 4221 1350 4277 consistunt

203 4310 234 4360 et
261 4301 524 4358 conserebantur
549 4304 611 4358 iam
637 4321 747 4360 manus
769 4306 879 4377 Dionys.
903 4299 944 4376 ὡς
973 4301 1006 4363 dd
1025 4297 1175 4387 συνῄεσαν
1205 4298 1296 4383 ὁμόσε
1317 4304 1350 4359 cf·
