<?xml version="1.0" encoding="UTF-8"?>
<!DOCTYPE html PUBLIC "-//W3C//DTD XHTML 1.0 Transitional//EN"
    "http://www.w3.org/TR/xhtml1/DTD/xhtml1-transitional.dtd">
<html xmlns="http://www.w3.org/1999/xhtml" xml:lang="en" lang="en">
 <head>
  <title>
</title>
<meta http-equiv="Content-Type" content="text/html;charset=utf-8" />
  <meta name='ocr-system' content='tesseract 3.04.00' />
  <meta name='ocr-capabilities' content='ocr_page ocr_carea ocr_par ocr_line ocrx_word'/>
</head>
<body>
  <div class='ocr_page' id='page_1' title='image "./deeutropiibreui00pirogoog_0049.png"; bbox 0 0 3038 4964; ppageno 0'>
   <div class='ocr_carea' id='block_1_1' title="bbox 691 428 857 493">
    <p class='ocr_par' dir='ltr' id='par_1_1' title="bbox 691 428 857 493">
     <span class='ocr_line' id='line_1_1' title="bbox 691 428 857 493; baseline 0 -19"><span class='ocrx_word' id='word_1_1' title='bbox 691 428 857 493; x_wconf 73' lang='lat'><strong>..33-</strong></span> 
     </span>
    </p>
   </div>
   <div class='ocr_carea' id='block_1_2' title="bbox 204 609 1357 931">
    <p class='ocr_par' dir='ltr' id='par_1_2' title="bbox 237 609 1113 679">
     <span class='ocr_line' id='line_1_2' title="bbox 237 609 1113 679; baseline 0.001 -15"><span class='ocrx_word' id='word_1_2' title='bbox 237 610 355 664; x_wconf 87' lang='lat' dir='ltr'><strong>Cassiod.</strong></span> <span class='ocrx_word' id='word_1_3' title='bbox 374 610 409 665; x_wconf 93' lang='lat' dir='ltr'><strong>ad</strong></span> <span class='ocrx_word' id='word_1_4' title='bbox 427 626 451 665; x_wconf 82' lang='lat' dir='ltr'><strong>a</strong></span> <span class='ocrx_word' id='word_1_5' title='bbox 469 611 520 664; x_wconf 82' lang='grc'><strong>442</strong></span> <span class='ocrx_word' id='word_1_6' title='bbox 837 609 870 663; x_wconf 80' lang='lat' dir='ltr'><strong>ci.</strong></span> <span class='ocrx_word' id='word_1_7' title='bbox 888 609 1001 679; x_wconf 83' lang='lat' dir='ltr'><strong>Eutrop.</strong></span> <span class='ocrx_word' id='word_1_8' title='bbox 1019 610 1054 665; x_wconf 85' lang='lat' dir='ltr'><strong>IL</strong></span> <span class='ocrx_word' id='word_1_9' title='bbox 1072 611 1113 676; x_wconf 78' lang='lat'><strong>9¹)</strong></span> 
     </span>
    </p>

    <p class='ocr_par' dir='ltr' id='par_1_3' title="bbox 204 692 1357 931">
     <span class='ocr_line' id='line_1_3' title="bbox 237 692 1357 763; baseline 0.001 -17"><span class='ocrx_word' id='word_1_10' title='bbox 237 693 286 747; x_wconf 85' lang='lat' dir='ltr'><strong>His</strong></span> <span class='ocrx_word' id='word_1_11' title='bbox 313 708 381 748; x_wconf 92' lang='lat' dir='ltr'><strong>coss.</strong></span> <span class='ocrx_word' id='word_1_12' title='bbox 408 709 457 763; x_wconf 88' lang='lat' dir='ltr'><strong>per</strong></span> <span class='ocrx_word' id='word_1_13' title='bbox 474 694 590 762; x_wconf 89' lang='lat' dir='ltr'><strong>Appium</strong></span> <span class='ocrx_word' id='word_1_14' title='bbox 613 692 753 747; x_wconf 88' lang='lat' dir='ltr'><strong>Claudium</strong></span> <span class='ocrx_word' id='word_1_15' title='bbox 838 708 869 746; x_wconf 92' lang='lat' dir='ltr'><strong>eo</strong></span> <span class='ocrx_word' id='word_1_16' title='bbox 887 700 1007 762; x_wconf 88' lang='lat' dir='ltr'><strong>tempore</strong></span> <span class='ocrx_word' id='word_1_17' title='bbox 1025 695 1129 763; x_wconf 90' lang='lat' dir='ltr'><strong>Appius</strong></span> <span class='ocrx_word' id='word_1_18' title='bbox 1145 694 1272 749; x_wconf 83' lang='lat' dir='ltr'><strong>Claudius</strong></span> <span class='ocrx_word' id='word_1_19' title='bbox 1291 709 1357 748; x_wconf 87' lang='lat' dir='ltr'><strong>cen-</strong></span> 
     </span>
     <span class='ocr_line' id='line_1_4' title="bbox 204 777 1357 844; baseline 0 -13"><span class='ocrx_word' id='word_1_20' title='bbox 204 793 341 833; x_wconf 89' lang='lat' dir='ltr'><strong>censorem</strong></span> <span class='ocrx_word' id='word_1_21' title='bbox 358 779 402 831; x_wconf 80' lang='lat' dir='ltr'><strong>ria</strong></span> <span class='ocrx_word' id='word_1_22' title='bbox 419 778 492 832; x_wconf 86' lang='lat' dir='ltr'><strong>facta</strong></span> <span class='ocrx_word' id='word_1_23' title='bbox 514 784 541 831; x_wconf 92' lang='lat' dir='ltr'><strong>et</strong></span> <span class='ocrx_word' id='word_1_24' title='bbox 557 793 628 844; x_wconf 86' lang='lat' dir='ltr'><strong>aqua</strong></span> <span class='ocrx_word' id='word_1_25' title='bbox 643 777 753 831; x_wconf 91' lang='lat' dir='ltr'><strong>inducta</strong></span> <span class='ocrx_word' id='word_1_26' title='bbox 803 792 849 830; x_wconf 89' lang='lat' dir='ltr'><strong>sor</strong></span> <span class='ocrx_word' id='word_1_27' title='bbox 865 792 965 844; x_wconf 87' lang='lat' dir='ltr'><strong>aquam</strong></span> <span class='ocrx_word' id='word_1_28' title='bbox 977 777 1116 833; x_wconf 85' lang='lat' dir='ltr'><strong>Claudiam</strong></span> <span class='ocrx_word' id='word_1_29' title='bbox 1127 779 1233 833; x_wconf 82' lang='lat' dir='ltr'><strong>induxit</strong></span> <span class='ocrx_word' id='word_1_30' title='bbox 1244 784 1273 832; x_wconf 87' lang='lat' dir='ltr'><strong>ct</strong></span> <span class='ocrx_word' id='word_1_31' title='bbox 1284 778 1357 831; x_wconf 73' lang='lat' dir='ltr'><strong>mam</strong></span> 
     </span>
     <span class='ocr_line' id='line_1_5' title="bbox 204 860 1041 931; baseline -0.001 -15"><span class='ocrx_word' id='word_1_32' title='bbox 204 867 244 916; x_wconf 89' lang='lat' dir='ltr'><strong>est</strong></span> <span class='ocrx_word' id='word_1_33' title='bbox 262 878 331 930; x_wconf 90' lang='lat' dir='ltr'><strong>quae</strong></span> <span class='ocrx_word' id='word_1_34' title='bbox 348 862 432 931; x_wconf 78' lang='lat' dir='ltr'><strong>ipsius</strong></span> <span class='ocrx_word' id='word_1_35' title='bbox 450 860 556 915; x_wconf 89' lang='lat' dir='ltr'><strong>nomine</strong></span> <span class='ocrx_word' id='word_1_36' title='bbox 574 868 752 929; x_wconf 87' lang='lat' dir='ltr'><strong>nuncupatur.</strong></span> <span class='ocrx_word' id='word_1_37' title='bbox 803 861 918 929; x_wconf 81' lang='lat' dir='ltr'><strong>Appiam</strong></span> <span class='ocrx_word' id='word_1_38' title='bbox 938 862 1041 916; x_wconf 77' lang='lat' dir='ltr'><strong>stravit.</strong></span> 
     </span>
    </p>
   </div>
   <div class='ocr_carea' id='block_1_3' title="bbox 236 944 1071 1001">
    <p class='ocr_par' dir='ltr' id='par_1_4' title="bbox 236 944 1071 1001">
     <span class='ocr_line' id='line_1_6' title="bbox 236 944 1071 1001; baseline -0.001 -1"><span class='ocrx_word' id='word_1_39' title='bbox 236 945 338 1000; x_wconf 83' lang='lat' dir='ltr'><strong>Cassid.</strong></span> <span class='ocrx_word' id='word_1_40' title='bbox 357 945 392 999; x_wconf 95' lang='lat' dir='ltr'><strong>ad</strong></span> <span class='ocrx_word' id='word_1_41' title='bbox 410 961 433 1000; x_wconf 89' lang='lat' dir='ltr'><strong>a.</strong></span> <span class='ocrx_word' id='word_1_42' title='bbox 451 946 500 1000; x_wconf 78' lang='lat'><strong>571</strong></span> <span class='ocrx_word' id='word_1_43' title='bbox 837 945 872 1000; x_wconf 85' lang='lat' dir='ltr'><strong>cf.</strong></span> <span class='ocrx_word' id='word_1_44' title='bbox 889 944 965 999; x_wconf 78' lang='lat' dir='ltr'><strong>Eutr.</strong></span> <span class='ocrx_word' id='word_1_45' title='bbox 984 946 1030 1001; x_wconf 90' lang='lat' dir='ltr'><strong>1v.</strong></span> <span class='ocrx_word' id='word_1_46' title='bbox 1047 947 1071 1001; x_wconf 77' lang='lat'><strong>5.</strong></span> 
     </span>
    </p>
   </div>
   <div class='ocr_carea' id='block_1_4' title="bbox 202 1163 1356 1403">
    <p class='ocr_par' dir='ltr' id='par_1_5' title="bbox 202 1163 1356 1403">
     <span class='ocr_line' id='line_1_7' title="bbox 203 1163 1356 1233; baseline 0 -15"><span class='ocrx_word' id='word_1_47' title='bbox 203 1165 249 1218; x_wconf 90' lang='lat' dir='ltr'><strong>illa</strong></span> <span class='ocrx_word' id='word_1_48' title='bbox 266 1170 356 1218; x_wconf 90' lang='lat' dir='ltr'><strong>aetate</strong></span> <span class='ocrx_word' id='word_1_49' title='bbox 373 1179 416 1217; x_wconf 92' lang='lat' dir='ltr'><strong>res</strong></span> <span class='ocrx_word' id='word_1_50' title='bbox 433 1193 467 1203; x_wconf 93' lang='lat'>—</span> <span class='ocrx_word' id='word_1_51' title='bbox 485 1163 516 1216; x_wconf 91' lang='lat' dir='ltr'><strong>in</strong></span> <span class='ocrx_word' id='word_1_52' title='bbox 534 1163 605 1218; x_wconf 84' lang='lat' dir='ltr'><strong>foro</strong></span> <span class='ocrx_word' id='word_1_53' title='bbox 623 1168 790 1231; x_wconf 86' lang='lat' dir='ltr'><strong>ponerentur</strong></span> <span class='ocrx_word' id='word_1_54' title='bbox 808 1170 835 1216; x_wconf 92' lang='lat' dir='ltr'><strong>et</strong></span> <span class='ocrx_word' id='word_1_55' title='bbox 853 1178 875 1221; x_wconf 86' lang='lat' dir='ltr'><strong>c.</strong></span> <span class='ocrx_word' id='word_1_56' title='bbox 889 1163 929 1232; x_wconf 86' lang='grc'><strong>14,</strong></span> <span class='ocrx_word' id='word_1_57' title='bbox 943 1164 975 1218; x_wconf 76' lang='lat'><strong>12</strong></span> <span class='ocrx_word' id='word_1_58' title='bbox 991 1179 1074 1218; x_wconf 84' lang='lat' dir='ltr'><strong>naves</strong></span> <span class='ocrx_word' id='word_1_59' title='bbox 1086 1165 1237 1218; x_wconf 79' lang='lat' dir='ltr'><strong>Antiatium</strong></span> <span class='ocrx_word' id='word_1_60' title='bbox 1254 1165 1356 1233; x_wconf 88' lang='lat' dir='ltr'><strong>partim</strong></span> 
     </span>
     <span class='ocr_line' id='line_1_8' title="bbox 202 1246 1356 1317; baseline 0 -15"><span class='ocrx_word' id='word_1_61' title='bbox 202 1251 231 1302; x_wconf 89' lang='lat' dir='ltr'><strong>in</strong></span> <span class='ocrx_word' id='word_1_62' title='bbox 252 1248 359 1301; x_wconf 81' lang='lat' dir='ltr'><strong>navalia</strong></span> <span class='ocrx_word' id='word_1_63' title='bbox 378 1246 481 1301; x_wconf 86' lang='lat' dir='ltr'><strong>Romae</strong></span> <span class='ocrx_word' id='word_1_64' title='bbox 505 1247 650 1301; x_wconf 90' lang='lat' dir='ltr'><strong>subductae</strong></span> <span class='ocrx_word' id='word_1_65' title='bbox 673 1248 770 1315; x_wconf 90' lang='lat' dir='ltr'><strong>partim</strong></span> <span class='ocrx_word' id='word_1_66' title='bbox 792 1248 925 1314; x_wconf 80' lang='lat' dir='ltr'><strong>incensae,</strong></span> <span class='ocrx_word' id='word_1_67' title='bbox 943 1249 1129 1315; x_wconf 86' lang='lat' dir='ltr'><strong>rostrisque</strong></span> <span class='ocrx_word' id='word_1_68' title='bbox 1156 1263 1266 1302; x_wconf 86' lang='lat' dir='ltr'><strong>earum</strong></span> <span class='ocrx_word' id='word_1_69' title='bbox 1293 1265 1356 1317; x_wconf 80' lang='lat' dir='ltr'><strong>sug-</strong></span> 
     </span>
     <span class='ocr_line' id='line_1_9' title="bbox 202 1330 1356 1403; baseline 0.001 -17"><span class='ocrx_word' id='word_1_70' title='bbox 202 1339 305 1401; x_wconf 75' lang='lat' dir='ltr'><strong>gestum</strong></span> <span class='ocrx_word' id='word_1_71' title='bbox 323 1331 356 1384; x_wconf 92' lang='lat' dir='ltr'><strong>iu</strong></span> <span class='ocrx_word' id='word_1_72' title='bbox 374 1331 445 1385; x_wconf 84' lang='lat' dir='ltr'><strong>foro</strong></span> <span class='ocrx_word' id='word_1_73' title='bbox 464 1337 628 1385; x_wconf 86' lang='lat' dir='ltr'><strong>exstructum</strong></span> <span class='ocrx_word' id='word_1_74' title='bbox 646 1331 772 1385; x_wconf 82' lang='lat' dir='ltr'><strong>adornari</strong></span> <span class='ocrx_word' id='word_1_75' title='bbox 789 1331 902 1399; x_wconf 82' lang='lat' dir='ltr'><strong>placuit3</strong></span> <span class='ocrx_word' id='word_1_76' title='bbox 921 1330 1110 1403; x_wconf 82' lang='lat' dir='ltr'><strong>Rostraque</strong></span> <span class='ocrx_word' id='word_1_77' title='bbox 1127 1331 1155 1385; x_wconf 92' lang='lat' dir='ltr'><strong>id</strong></span> <span class='ocrx_word' id='word_1_78' title='bbox 1167 1333 1294 1401; x_wconf 88' lang='lat' dir='ltr'><strong>templum</strong></span> <span class='ocrx_word' id='word_1_79' title='bbox 1307 1350 1356 1402; x_wconf 92' lang='lat' dir='ltr'><strong>ap-</strong></span> 
     </span>
    </p>
   </div>
   <div class='ocr_carea' id='block_1_5' title="bbox 191 1413 1356 1989">
    <p class='ocr_par' dir='ltr' id='par_1_6' title="bbox 203 1413 1356 1485">
     <span class='ocr_line' id='line_1_10' title="bbox 203 1413 1356 1485; baseline 0.001 -15"><span class='ocrx_word' id='word_1_80' title='bbox 203 1415 340 1485; x_wconf 87' lang='lat' dir='ltr'><strong>pellatum)</strong></span> <span class='ocrx_word' id='word_1_81' title='bbox 359 1422 420 1470; x_wconf 87' lang='lat' dir='ltr'><strong>acta</strong></span> <span class='ocrx_word' id='word_1_82' title='bbox 437 1416 481 1483; x_wconf 91' lang='lat' dir='ltr'><strong>sit,</strong></span> <span class='ocrx_word' id='word_1_83' title='bbox 494 1431 510 1468; x_wconf 87' lang='lat' dir='ltr'><strong>a</strong></span> <span class='ocrx_word' id='word_1_84' title='bbox 522 1415 633 1469; x_wconf 79' lang='lat' dir='ltr'><strong>veritate</strong></span> <span class='ocrx_word' id='word_1_85' title='bbox 651 1430 704 1468; x_wconf 90' lang='lat' dir='ltr'><strong>non</strong></span> <span class='ocrx_word' id='word_1_86' title='bbox 723 1413 868 1469; x_wconf 85' lang='lat' dir='ltr'><strong>abhorrere</strong></span> <span class='ocrx_word' id='word_1_87' title='bbox 887 1414 1001 1484; x_wconf 88' lang='lat' dir='ltr'><strong>videtur,</strong></span> <span class='ocrx_word' id='word_1_88' title='bbox 1014 1415 1174 1485; x_wconf 76' lang='lat' dir='ltr'><strong>Eutropium</strong></span> <span class='ocrx_word' id='word_1_89' title='bbox 1192 1416 1227 1470; x_wconf 92' lang='lat' dir='ltr'><strong>ad</strong></span> <span class='ocrx_word' id='word_1_90' title='bbox 1239 1432 1272 1471; x_wconf 91' lang='lat' dir='ltr'><strong>ea</strong></span> <span class='ocrx_word' id='word_1_91' title='bbox 1285 1433 1356 1485; x_wconf 84' lang='lat' dir='ltr'><strong>quae</strong></span> 
     </span>
    </p>

    <p class='ocr_par' dir='ltr' id='par_1_7' title="bbox 191 1498 1354 1572">
     <span class='ocr_line' id='line_1_11' title="bbox 191 1498 1354 1572; baseline 0.001 -19"><span class='ocrx_word' id='word_1_92' title='bbox 191 1499 321 1572; x_wconf 62' lang='lat' dir='ltr'><strong>Cassiod.</strong></span> <span class='ocrx_word' id='word_1_93' title='bbox 341 1499 432 1553; x_wconf 82' lang='lat' dir='ltr'><strong>attulit</strong></span> <span class='ocrx_word' id='word_1_94' title='bbox 448 1499 608 1567; x_wconf 80' lang='lat' dir='ltr'><strong>respexisse,</strong></span> <span class='ocrx_word' id='word_1_95' title='bbox 626 1514 685 1551; x_wconf 92' lang='lat' dir='ltr'><strong>cum</strong></span> <span class='ocrx_word' id='word_1_96' title='bbox 703 1505 807 1552; x_wconf 89' lang='lat' dir='ltr'><strong>statuas</strong></span> <span class='ocrx_word' id='word_1_97' title='bbox 820 1498 973 1552; x_wconf 89' lang='lat' dir='ltr'><strong>consulibus</strong></span> <span class='ocrx_word' id='word_1_98' title='bbox 990 1501 1022 1553; x_wconf 90' lang='lat' dir='ltr'><strong>in</strong></span> <span class='ocrx_word' id='word_1_99' title='bbox 1033 1500 1164 1554; x_wconf 85' lang='lat' dir='ltr'><strong>Rostris</strong></span> <span class='ocrx_word' id='word_1_100' title='bbox 1182 1500 1247 1568; x_wconf 79' lang='lat' dir='ltr'><strong>(vid.</strong></span> <span class='ocrx_word' id='word_1_101' title='bbox 1266 1501 1354 1556; x_wconf 88' lang='lat' dir='ltr'><strong>Inter·</strong></span> 
     </span>
    </p>

    <p class='ocr_par' dir='ltr' id='par_1_8' title="bbox 203 1582 1355 1652">
     <span class='ocr_line' id='line_1_12' title="bbox 203 1582 1355 1652; baseline 0.002 -15"><span class='ocrx_word' id='word_1_102' title='bbox 203 1585 285 1652; x_wconf 85' lang='lat' dir='ltr'><strong>pret.)</strong></span> <span class='ocrx_word' id='word_1_103' title='bbox 303 1600 353 1652; x_wconf 90' lang='lat' dir='ltr'><strong>pro</strong></span> <span class='ocrx_word' id='word_1_104' title='bbox 371 1585 402 1637; x_wconf 90' lang='lat' dir='ltr'><strong>in</strong></span> <span class='ocrx_word' id='word_1_105' title='bbox 420 1583 491 1637; x_wconf 83' lang='lat' dir='ltr'><strong>foro</strong></span> <span class='ocrx_word' id='word_1_106' title='bbox 510 1582 573 1650; x_wconf 82' lang='lat' dir='ltr'><strong>(vid.</strong></span> <span class='ocrx_word' id='word_1_107' title='bbox 585 1583 657 1650; x_wconf 77' lang='lat' dir='ltr'><strong>Lis.)</strong></span> <span class='ocrx_word' id='word_1_108' title='bbox 669 1583 772 1650; x_wconf 84' lang='lat' dir='ltr'><strong>positas</strong></span> <span class='ocrx_word' id='word_1_109' title='bbox 786 1598 844 1636; x_wconf 89' lang='lat' dir='ltr'><strong>esse</strong></span> <span class='ocrx_word' id='word_1_110' title='bbox 857 1583 966 1637; x_wconf 86' lang='lat' dir='ltr'><strong>diceret</strong></span> <span class='ocrx_word' id='word_1_111' title='bbox 979 1614 1012 1622; x_wconf 88' lang='lat'>—</span> <span class='ocrx_word' id='word_1_112' title='bbox 1022 1582 1107 1637; x_wconf 81' lang='lat' dir='ltr'><strong>Addit</strong></span> <span class='ocrx_word' id='word_1_113' title='bbox 1118 1584 1193 1637; x_wconf 81' lang='lat' dir='ltr'><strong>Eutr.</strong></span> <span class='ocrx_word' id='word_1_114' title='bbox 1212 1600 1248 1638; x_wconf 92' lang='lat' dir='ltr'><strong>eo</strong></span> <span class='ocrx_word' id='word_1_115' title='bbox 1266 1601 1355 1640; x_wconf 90' lang='lat' dir='ltr'><strong>anno</strong></span> 
     </span>
    </p>

    <p class='ocr_par' dir='ltr' id='par_1_9' title="bbox 204 1665 1354 1731">
     <span class='ocr_line' id='line_1_13' title="bbox 204 1665 1354 1731; baseline 0.003 -11"><span class='ocrx_word' id='word_1_116' title='bbox 204 1668 301 1721; x_wconf 87' lang='lat' dir='ltr'><strong>otiam</strong></span> <span class='ocrx_word' id='word_1_117' title='bbox 319 1667 526 1721; x_wconf 83' lang='lat' dir='ltr'><strong>Alexandria</strong></span> <span class='ocrx_word' id='word_1_118' title='bbox 543 1667 581 1719; x_wconf 90' lang='lat' dir='ltr'><strong>ab</strong></span> <span class='ocrx_word' id='word_1_119' title='bbox 599 1665 790 1719; x_wconf 86' lang='lat' dir='ltr'><strong>Alexandro</strong></span> <span class='ocrx_word' id='word_1_120' title='bbox 808 1667 989 1722; x_wconf 84' lang='lat' dir='ltr'><strong>Macedone</strong></span> <span class='ocrx_word' id='word_1_121' title='bbox 1007 1667 1142 1721; x_wconf 91' lang='lat' dir='ltr'><strong>condita</strong></span> <span class='ocrx_word' id='word_1_122' title='bbox 1164 1674 1228 1731; x_wconf 84' lang='lat' dir='ltr'><strong>est,</strong></span> <span class='ocrx_word' id='word_1_123' title='bbox 1250 1668 1285 1721; x_wconf 91' lang='lat' dir='ltr'><strong>ad</strong></span> <span class='ocrx_word' id='word_1_124' title='bbox 1303 1668 1354 1723; x_wconf 82' lang='lat' dir='ltr'><strong>fal·</strong></span> 
     </span>
    </p>

    <p class='ocr_par' dir='ltr' id='par_1_10' title="bbox 203 1749 1354 1820">
     <span class='ocr_line' id='line_1_14' title="bbox 203 1749 1354 1820; baseline 0.002 -15"><span class='ocrx_word' id='word_1_125' title='bbox 203 1768 259 1806; x_wconf 90' lang='lat' dir='ltr'><strong>sum</strong></span> <span class='ocrx_word' id='word_1_126' title='bbox 279 1768 378 1805; x_wconf 91' lang='lat' dir='ltr'><strong>annum</strong></span> <span class='ocrx_word' id='word_1_127' title='bbox 400 1753 442 1805; x_wconf 91' lang='lat' dir='ltr'><strong>his</strong></span> <span class='ocrx_word' id='word_1_128' title='bbox 461 1751 603 1818; x_wconf 87' lang='lat' dir='ltr'><strong>adscriptis</strong></span> <span class='ocrx_word' id='word_1_129' title='bbox 627 1766 686 1802; x_wconf 92' lang='lat' dir='ltr'><strong>cum</strong></span> <span class='ocrx_word' id='word_1_130' title='bbox 705 1749 824 1806; x_wconf 88' lang='lat' dir='ltr'><strong>Cassiod.</strong></span> <span class='ocrx_word' id='word_1_131' title='bbox 848 1751 941 1806; x_wconf 89' lang='lat' dir='ltr'><strong>cadem</strong></span> <span class='ocrx_word' id='word_1_132' title='bbox 963 1751 1026 1820; x_wconf 90' lang='lat' dir='ltr'><strong>(his</strong></span> <span class='ocrx_word' id='word_1_133' title='bbox 1048 1768 1128 1806; x_wconf 89' lang='lat' dir='ltr'><strong>coss.</strong></span> <span class='ocrx_word' id='word_1_134' title='bbox 1146 1752 1354 1807; x_wconf 87' lang='lat' dir='ltr'><strong>Alexandria</strong></span> 
     </span>
    </p>

    <p class='ocr_par' dir='ltr' id='par_1_11' title="bbox 203 1833 1349 1989">
     <span class='ocr_line' id='line_1_15' title="bbox 203 1833 1349 1906; baseline 0 -16"><span class='ocrx_word' id='word_1_135' title='bbox 203 1838 234 1891; x_wconf 89' lang='lat' dir='ltr'><strong>iu</strong></span> <span class='ocrx_word' id='word_1_136' title='bbox 251 1837 401 1904; x_wconf 78' lang='lat' dir='ltr'><strong>Aegypto</strong></span> <span class='ocrx_word' id='word_1_137' title='bbox 420 1834 563 1900; x_wconf 87' lang='lat' dir='ltr'><strong>condita)</strong></span> <span class='ocrx_word' id='word_1_138' title='bbox 583 1834 653 1886; x_wconf 85' lang='lat' dir='ltr'><strong>iusto</strong></span> <span class='ocrx_word' id='word_1_139' title='bbox 664 1833 724 1886; x_wconf 89' lang='lat' dir='ltr'><strong>loco</strong></span> <span class='ocrx_word' id='word_1_140' title='bbox 741 1834 789 1903; x_wconf 86' lang='lat' dir='ltr'><strong>(ad</strong></span> <span class='ocrx_word' id='word_1_141' title='bbox 800 1852 823 1888; x_wconf 91' lang='lat' dir='ltr'><strong>a.</strong></span> <span class='ocrx_word' id='word_1_142' title='bbox 836 1836 887 1889; x_wconf 80' lang='lat'><strong>428</strong></span> <span class='ocrx_word' id='word_1_143' title='bbox 899 1835 951 1889; x_wconf 85' lang='lat' dir='ltr'><strong>vid.</strong></span> <span class='ocrx_word' id='word_1_144' title='bbox 963 1835 1022 1889; x_wconf 87' lang='lat' dir='ltr'><strong>Liv.</strong></span> <span class='ocrx_word' id='word_1_145' title='bbox 1034 1835 1108 1894; x_wconf 86' lang='lat' dir='ltr'>VIII.</span> <span class='ocrx_word' id='word_1_146' title='bbox 1120 1837 1162 1906; x_wconf 76' lang='lat'><strong>24,</strong></span> <span class='ocrx_word' id='word_1_147' title='bbox 1174 1837 1201 1906; x_wconf 84' lang='lat'><strong>1)</strong></span> <span class='ocrx_word' id='word_1_148' title='bbox 1214 1837 1349 1892; x_wconf 88' lang='lat' dir='ltr'><strong>exhibeat.</strong></span> 
     </span>
     <span class='ocr_line' id='line_1_16' title="bbox 271 1919 749 1989; baseline -0.01 -15"><span class='ocrx_word' id='word_1_149' title='bbox 271 1923 291 1989; x_wconf 82' lang='lat'><strong>¹)</strong></span> <span class='ocrx_word' id='word_1_150' title='bbox 309 1920 352 1973; x_wconf 82' lang='lat' dir='ltr'><strong>Ex</strong></span> <span class='ocrx_word' id='word_1_151' title='bbox 370 1919 445 1973; x_wconf 81' lang='lat' dir='ltr'><strong>Eutr.</strong></span> <span class='ocrx_word' id='word_1_152' title='bbox 464 1919 617 1988; x_wconf 82' lang='lat' dir='ltr'><strong>Hieronym.</strong></span> <span class='ocrx_word' id='word_1_153' title='bbox 636 1931 749 1984; x_wconf 89' lang='lat' dir='ltr'><strong>quoque.</strong></span> 
     </span>
    </p>
   </div>
   <div class='ocr_carea' id='block_1_6' title="bbox 0 0 1524 4964">
    <p class='ocr_par' dir='ltr' id='par_1_12' title="bbox 0 0 1524 4964">
     <span class='ocr_line' id='line_1_17' title="bbox 0 0 1524 4964; baseline 0 2"><span class='ocrx_word' id='word_1_154' title='bbox 0 0 1524 4964; x_wconf 95' lang='lat' dir='ltr'><strong> </strong></span> 
     </span>
    </p>
   </div>
  </div>
 </body>
</html>
