3038 4964
656 454 824 524 „37ss

249 645 337 711 Alios
368 644 446 711 addo
470 643 646 711 Cassiodori
671 644 768 722 locos,
801 646 910 726 quibus
932 645 1116 712 affinitatem
1143 645 1223 711 inter
1245 665 1315 711 eum

168 746 197 810 et
212 745 396 828 Eutropium
417 745 603 809 intercedere
625 744 817 828 probetur¹):

251 864 328 927 quac
360 847 431 928 post
458 845 616 927 Tarquinii
645 843 774 927 Superbi
804 862 899 910 anuos
932 847 1093 912 adnotatos
1126 847 1214 912 addit
1242 847 1317 912 Cas-

169 944 307 1010 siodoms
335 944 504 1028 (expulso
533 947 655 1009 autem
684 944 771 1009 urbe
794 943 1003 1028 Tarquinio
1033 945 1114 1011 bini
1140 948 1317 1012 consules

169 1046 376 1128 coeperunt
401 1063 469 1128 pro
496 1063 566 1109 uno
593 1064 680 1128 rege
711 1043 823 1110 annis
855 1045 1025 1128 singulis
1052 1046 1317 1112 administrare

167 1164 243 1209 rem
264 1145 467 1228 publicam)
490 1145 637 1228 Eutropio
659 1147 683 1211 Ι.
704 1144 724 1208 9
748 1145 815 1210 tnit.
824 1145 848 1228 ²)
870 1146 1011 1229 propiora
1033 1148 1105 1212 sunt
1126 1166 1221 1230 quam
1242 1148 1317 1212 Hie-

168 1263 303 1327 ronymo.

252 1344 329 1409 Cum
350 1343 442 1428 primi
462 1345 576 1409 liberae
597 1345 642 1409 rei
663 1365 691 1428 p.
714 1345 786 1410 anni
808 1346 947 1411 consules
969 1345 1140 1412 nominaret
1155 1347 1317 1415 Cassiodo-

168 1463 220 1508 rus
247 1444 297 1528 (cf.
319 1445 405 1509 Mutr.
433 1445 456 1510 I.
487 1443 541 1529 10)
563 1445 754 1510 Publicolam
776 1446 810 1512 L.
833 1446 1027 1511 Valerium
1054 1447 1237 1513 nominarit:
1265 1450 1317 1532 qui

169 1563 251 1610 error
271 1546 304 1607 in
326 1543 450 1627 optimis
465 1545 550 1610 llutr.
573 1543 729 1610 codicibus
751 1545 852 1628 (Fuld.
867 1546 953 1613 Paul.
970 1546 1052 1630 aliis)
1073 1549 1104 1611 et
1125 1548 1205 1630 apud
1219 1550 1318 1614 Paea-

168 1644 253 1708 nium
276 1644 504 1726 Iohanncmque
533 1645 581 1727 (fr.
603 1643 658 1726 43)
687 1664 776 1728 porro
799 1664 835 1709 ex
856 1646 1004 1728 Eutropio
1013 1647 1037 1728 1)
1065 1647 1146 1728 apud
1166 1646 1318 1730 Augusti-

168 1764 242 1809 num
264 1745 301 1809 dc
323 1743 356 1808 C.
371 1744 408 1810 D.
425 1746 460 1810 V.
477 1743 515 1808 18
537 1744 685 1827 repctItur
706 1746 738 1808 iu
759 1745 900 1828 Liviiquc
922 1746 1076 1811 codicibus
1098 1746 1317 1813 aNicomacho

169 1846 321 1910 correctus
343 1863 408 1908 esse
423 1843 557 1909 videtur:
580 1848 701 1927 praeter
722 1845 804 1909 enim
818 1846 904 1910 Eutr.
921 1849 953 1910 et
968 1847 1183 1911 Cassiodorum
1197 1850 1317 1912 utrum-

169 1964 226 2027 que
241 1944 323 2011 Lirii
344 1944 508 2026 exemplari
521 1944 708 2010 Nicomacho
731 1945 900 2027 antiquiore
922 1964 1013 2010 usum
1027 1946 1176 2012 Periocha
1200 1966 1316 2029 quoque

143 2099 145 2103 .
169 2048 201 2111 ll
223 2047 255 2110 et
276 2045 330 2127 qui
351 2043 529 2126 saepissime
550 2045 673 2111 Livium
695 2046 856 2128 exscripsit
878 2046 984 2114 Victor
1006 2046 1042 2110 de
1064 2066 1091 2111 v.
1104 2046 1124 2112 i.
1141 2068 1166 2112 c.
1184 2048 1223 2111 15
1244 2067 1318 2112 eun-

170 2145 237 2209 dem
261 2144 497 2225 committunt).

235 2259 333 2315 Confer
350 2276 432 2329 porro

236 2344 423 2398 Cassiodorum
442 2344 476 2398 ad
494 2360 517 2398 a.
535 2345 586 2398 253
592 2346 611 2414 ⁵)
781 2361 841 2400 oum
858 2345 970 2414 Eutrop.
988 2346 1008 2400 I.
1028 2348 1061 2401 12

185 2428 233 2482 His
252 2444 324 2482 cons.
348 2428 463 2483 dictator
481 2429 582 2496 primus
601 2430 632 2482 T.
650 2428 717 2481 Lar·
785 2429 901 2483 dictator
919 2437 1008 2485 autem
1025 2432 1127 2485 Romae
1148 2431 1249 2499 primus
1267 2432 1319 2486 fuit

168 2527 216 2581 gns
234 2519 262 2565 et
278 2512 406 2579 magister
423 2512 542 2580 equitum
554 2513 598 2580 Sp.
610 2512 717 2565 Cassius
768 2513 881 2567 Larcius
900 2508 1057 2592 (Λάρκιος
1068 2515 1179 2582 Paean.)
1191 2517 1319 2584 magister

169 2597 334 2650 ordinantur.
769 2599 888 2665 equitum
906 2597 1008 2665 prImus
1027 2597 1071 2665 Sp.
1090 2597 1207 2652 Cassius.

202 2680 321 2743 Cassiod.
340 2679 374 2733 ad
392 2696 416 2734 a.
433 2680 510 2748 302⁶)
802 2683 836 2736 ci.
854 2682 931 2735 Entr.
949 2680 971 2739 I.
990 2681 1057 2750 18⁶).

252 2805 266 2828 „
340 2765 375 2818 ad
393 2781 416 2818 a.
435 2765 486 2819 416
812 2806 825 2830 „
879 2811 891 2833 ,,
936 2765 1019 2824 III

201 2849 251 2903 His
269 2849 424 2903 consulibus
446 2855 536 2903 rostra
558 2849 663 2903 navium
682 2848 715 2901 de
803 2856 909 2904 statuae
928 2849 1108 2914 consulibusb
1135 2851 1168 2905 ob
1191 2851 1316 2904 meritum

168 2932 323 2986 Antiatibus
340 2932 369 2984 in
386 2933 444 2986 foro
462 2933 516 2987 fixa
533 2941 595 2988 sunt
602 2935 631 3003 ⁸).
770 2935 897 2988 victoriae
921 2935 949 2987 in
966 2935 1075 2988 Rostris
1096 2935 1200 3002 positae
1218 2936 1318 2999 sunta.

170 3038 368 3048 —.-———A

236 3085 255 3154 ¹)
273 3085 348 3150 Quae
375 3085 408 3139 de
434 3084 542 3152 regibus
569 3085 659 3138 attulit
677 3085 852 3139 Cassiodorus
880 3101 914 3138 ex
936 3085 1100 3153 Hieronymo
1126 3091 1233 3154 sumpta
1258 3092 1321 3140 sunt

168 3174 292 3236 (quorum
310 3169 439 3223 nonnulla
457 3185 491 3222 ex
507 3171 619 3236 Eutrop.
637 3169 659 3224 Ι.
676 3168 700 3221 2.
719 3169 743 3221 3.
761 3168 784 3221 5.
803 3169 826 3222 t.
845 3167 990 3234 fluxerunt)
1012 3169 1130 3236 itemque
1149 3185 1181 3222 ea
1199 3185 1267 3236 quae
1286 3170 1319 3223 tle

168 3253 378 3320 imperatoribus
402 3253 525 3306 exhibuit
549 3253 642 3321 paucis
660 3252 758 3304 additis
785 3267 854 3319 quae
871 3252 1064 3304 Mommsenius
1089 3252 1106 3304 l.
1125 3267 1147 3304 c.
1174 3270 1199 3321 p.
1217 3254 1268 3307 568
1286 3269 1320 3306 ex

168 3336 300 3404 Eutropio
318 3336 461 3391 derivavit:
487 3337 535 3390 sed
553 3353 613 3391 curn
631 3336 664 3389 de
683 3334 814 3390 aedificiis
833 3335 867 3387 ab
893 3334 1100 3404 imperatoribus
1119 3337 1264 3390 exstructis
1282 3336 1320 3390 ibi

169 3427 261 3488 ageret
278 3422 452 3476 Cassiodorus
471 3421 517 3491 (ad
535 3437 558 3474 a.
576 3439 602 3489 p.
621 3421 681 3474 Chr.
700 3421 734 3474 64
751 3420 784 3472 cf.
801 3420 860 3473 221.
879 3420 935 3473 120.
953 3418 1015 3487 252)
1033 3419 1147 3472 fortasse
1165 3435 1199 3472 ex
1220 3420 1320 3473 maiore

169 3504 264 3558 harum
283 3521 372 3560 rerum
389 3507 525 3559 fluxerunt
542 3505 673 3573 catalogo,
692 3520 744 3572 quo
756 3503 996 3572 Chronographum
1014 3517 1037 3554 a.
1049 3502 1100 3556 354
1117 3509 1145 3556 et
1161 3503 1319 3571 Eutropium

170 3588 232 3658 (rid.
245 3589 396 3643 Mommsen
413 3590 480 3643 dher
497 3588 549 3642 den
562 3590 708 3656 Chronogr.
727 3588 751 3641 d.
770 3589 796 3641 J.
813 3588 864 3642 354
881 3605 907 3655 p,
924 3587 974 3641 601
992 3591 1020 3640 et
1036 3587 1087 3640 652
1104 3604 1129 3639 ιι.
1147 3587 1182 3642 40
1199 3588 1251 3654 sq.)
1269 3602 1319 3639 nec

168 3689 223 3728 non
240 3674 432 3742 Hieronymum
458 3673 522 3742 (uid.
540 3674 690 3727 Mommsen
708 3673 822 3739 Quellen
845 3672 892 3726 des
909 3670 983 3724 Hier.
1003 3670 1053 3724 sub
1070 3671 1109 3723 lit.
1128 3670 1162 3734 D)
1180 3685 1243 3723 usos
1261 3685 1320 3724 esse

170 3758 310 3826 probabile
327 3758 394 3811 mihi
411 3757 524 3812 videtur.
1215 3812 1216 3816 ,

236 3843 256 3912 2)
274 3842 335 3898 Vid.
353 3842 424 3895 infra
435 3859 461 3910 p.
473 3842 574 3896 52-53
592 3846 627 3909 (p.
645 3841 678 3894 53
696 3857 721 3892 n.
740 3840 776 3908 3).
894 3840 913 3906 3)
932 3839 993 3897 Vid.
1005 3837 1129 3908 Append.
1149 3839 1171 3891 I.

236 3931 258 3998 ⁴)
275 3928 336 3986 Vid.
347 3927 497 3980 Mommsen
510 3926 570 3979 Chr.
589 3926 635 3979 des
655 3926 727 3979 Cass.
746 3941 771 3992 p.
790 3923 852 3991 6963
870 3923 898 3975 in
916 3923 997 3977 Plinii
1015 3938 1120 3991 quoque
1138 3921 1273 3991 (XXXVI.
1286 3922 1318 3976 15

170 4013 185 4082 ξ
204 4015 264 4082 112)
282 4011 419 4066 codicibus
437 4009 534 4064 falsum
551 4011 646 4063 Lucii
663 4023 826 4078 praenomen
844 4007 949 4074 legitur.

237 4099 257 4160 ⁵)
268 4096 590 4164 Ct'Hieronymumquem
597 4090 1173 4160 hicCassiodorumrespexisseMommsenp.
1180 4090 1320 4158 bbtputat.

236 4182 258 4249 6)
276 4181 337 4235 Vid.
353 4195 435 4248 supra
446 4196 473 4247 p.
481 4178 522 4231 28.
670 4180 688 4243 ⁷)
707 4177 779 4229 Anni
791 4175 847 4229 scil.
860 4175 924 4228 416:
945 4175 1053 4227 nomina
1064 4191 1118 4229 non
1130 4174 1235 4229 addidit
1245 4173 1321 4227 Eutr.

237 4265 258 4333 8)
277 4264 347 4318 Sane
364 4278 419 4317 non
437 4262 530 4316 eadem
548 4268 662 4329 uterque
679 4262 776 4319 refert:
799 4259 847 4313 sed
865 4274 924 4312 cum
943 4266 1056 4327 utraque
1075 4275 1119 4313 res
1138 4258 1233 4312 eodem
1251 4272 1321 4310 anno

170 4348 235 4413 (vid.
248 4349 307 4401 Lis.
319 4346 393 4403 VIII.
413 4347 453 4416 13,
465 4347 481 4400 9
494 4346 600 4399 additus
613 4345 749 4411 triumpho
761 4345 855 4413 honos,
868 4351 898 4397 ut
915 4349 1021 4397 statuae
1034 4349 1173 4411 equestres
1186 4342 1321 4394 eis-rora
