3038 4964
640 453 806 515 „13d

149 640 231 706 dita
252 639 424 725 adnotatis3
444 640 478 720 b)
498 638 686 702 bellorum
711 655 829 718 000000
845 634 1097 719 gravissimorum
1112 634 1222 717 quibas
1243 634 1299 697 du·
1408 654 1415 666 ·

148 743 292 806 naverunt
314 759 412 805 annos
428 738 549 802 erhibet
570 737 750 818 0000006)
773 736 809 800 in
831 737 938 801 bello
960 735 1103 800 Punico
1126 734 1244 816 primo
1267 735 1302 797 et

149 842 310 906 secundo
325 834 432 905 annis
448 838 490 902 ab
512 832 1301 920 001010101110(11.19.20.11112142021)

148 941 354 1006 ratiocinatur.
398 939 472 1002 lnde
499 959 517 1003 a
549 939 568 1004 l.
593 940 652 1004 Vll
675 957 739 1019 cap.
773 936 792 1000 8
823 935 951 1018 denique
979 936 1011 1019 7)
1038 953 1211 998 numeros
1238 953 1299 998 an·

148 1061 278 1106 norum
309 1040 452 1122 quibus
486 1038 630 1121 singuli
663 1037 925 1119 imperatores
956 1035 1244 1118 imperaverunt
1269 1032 1301 1095 in

148 1144 207 1206 tine
235 1141 317 1205 vitae
346 1138 491 1221 cuiusque
517 1138 603 1202 addit
629 1138 797 1202 etiamtunc
822 1136 977 1222 interdum
1003 1136 1115 1200 annis
1143 1136 1189 1199 ab
1220 1156 1247 1200 0.
1276 1153 1301 1198 0.

150 1243 196 1325 (4)
219 1241 356 1305 adiectis.
402 1237 539 1317 Quorum
561 1257 641 1321 quae
668 1239 724 1302 sub
753 1237 851 1302 literis
873 1237 902 1302 3.
924 1236 952 1302 5.
976 1237 1003 1302 6.
1028 1231 1302 1302 70010010ιο011.

149 1343 171 1407 1.
200 1341 337 1418 omissis,
367 1339 488 1422 reliqua
521 1339 563 1422 (1.
591 1339 619 1405 2.
646 1340 680 1421 4)
713 1341 749 1402 01
780 1338 952 1402 accuratius
984 1337 1203 1420 pertractemus
1231 1355 1303 1400 cum

149 1442 303 1522 Livio),
332 1459 422 1522 quem
445 1440 545 1504 solum
567 1439 734 1520 pleniorem
756 1438 972 1502 annalisticum
993 1439 1108 1502 fontem
1130 1437 1219 1501 nobis
1240 1456 1303 1501 ser-

152 1545 262 1608 vatum
282 1541 439 1617 habemus,
463 1559 568 1605 eorum
591 1538 828 1621 comparationis
851 1558 928 1622 opus
951 1540 1010 1602 cst:
1034 1539 1064 1602 ot
1086 1536 1211 1619 quidem
1233 1556 1304 1601 cum

151 1642 238 1725 plura
260 1661 295 1705 er
318 1641 403 1705 Livio
427 1642 589 1721 desumpta
616 1659 681 1704 0000
703 1640 877 1720 uideantur,
904 1638 1039 1721 primum
1061 1639 1098 1701 de
1119 1638 1158 1702 iis
1182 1639 1212 1700 in
1235 1637 1303 1719 qui-

101 1824 105 1833 ·
150 1742 208 1806 bus
231 1761 300 1805 cum
315 1740 401 1805 Livio
425 1741 559 1804 concinit
580 1742 674 1818 Eutr.,
695 1742 800 1822 postea
823 1738 860 1802 de
874 1740 913 1803 iis
936 1758 1013 1822 0000
1035 1738 1117 1821 apud
1139 1740 1303 1820 utrumque

152 1842 270 1906 diversa
291 1844 364 1905 sunt
385 1841 618 1923 disputabimus.

236 1943 259 2007 1.
283 1961 412 2023 regum
439 1960 561 2006 annos
584 1941 707 2005 eosdem
729 1959 804 2022 quos
826 1940 931 2005 Livius
953 1942 1120 2024 Eutropius
1142 1943 1173 2005 et
1195 1939 1304 2005 Sextus

152 2062 272 2125 quoque
295 2041 393 2106 Rufus
416 2061 440 2106 c.
463 2043 491 2105 2.
522 2040 665 2105 erlribent
691 2041 809 2104 scilicet
835 2060 977 2105 numeros
1006 2061 1110 2106 eorum
1137 2042 1302 2124 apponunt,

152 2163 228 2226 0000
250 2163 268 2206 0
290 2141 457 2206 fabianis
485 2141 598 2223 partim
625 2161 643 2204 a
666 2141 809 2204 Cicerone
836 2137 871 2203 in
890 2141 968 2205 libro
992 2143 1028 2205 de
1056 2143 1211 2224 republica
1232 2162 1303 2224 par-

153 2246 213 2308 tim
234 2264 252 2307 0
274 2243 408 2307 Diodoro
431 2242 556 2324 eiusque
579 2243 805 2324 excerptoribus
826 2241 971 2307 Africano
994 2243 1139 2325 (Eusebio
1163 2243 1304 2326 Syncello

152 2345 342 2425 Hieronymo
358 2342 538 2406 Cassiodoro
562 2341 645 2424 aliis)
669 2341 772 2406 allatis
794 2343 885 2425 plane
901 2343 1035 2407 diversos
1057 2362 1123 2407 0000
1144 2345 1305 2425 vulgatum

152 2446 246 2527 est²):
275 2443 434 2526 11000010
462 2443 618 2506 codicibus
640 2442 787 2506 Nuldcnsi
815 2445 846 2507 et
866 2442 1008 2507 Leidensi
1036 2444 1063 2521 1,
1092 2443 1145 2526 qui
1175 2443 1304 2508 aPauli

152 2542 281 2608 Diaconi
310 2561 345 2605 ex
373 2540 640 2624 Hieronymo³)
674 2543 804 2624 sumptis
834 2543 1051 2608 additamentis
1080 2564 1192 2627 purum
1218 2546 1304 2608 Eut.

151 2646 272 2708 textum
295 2644 427 2719 servant,
457 2642 532 2707 item
554 2644 586 2707 in
607 2642 725 2726 graecis
747 2642 873 2707 Paeanii
895 2646 925 2708 et
947 2645 1093 2709 Iohannis
1114 2645 1304 2711 versionibus

152 2748 183 2809 et
210 2744 243 2807 in
275 2743 399 2825 optimis
427 2743 497 2807 Rufi
523 2744 678 2808 codicibus
704 2741 823 2807 Numa
849 2745 891 2807 43
924 2746 954 2809 et
981 2745 1106 2809 Ancus
1139 2746 1183 2808 24
1209 2764 1313 2809 00000

152 2863 297 2926 regnasse
320 2843 461 2908 dicuntur
483 2864 552 2908 cum
566 2844 652 2907 Anco
669 2842 804 2926 Cicero)
826 2847 918 2927 atque
933 2845 1117 2929 Dicdoms⁵)
1139 2846 1180 2909 23
1201 2865 1305 2923 00000,

152 2945 272 3009 Numae
295 2938 432 3027 cicero)
458 2944 499 3007 39
521 2943 707 3026 9101100001)
734 2945 775 3007 41
804 2965 900 3011 annos
926 2947 1076 3011 tribuant:
1103 2946 1136 3009 in
1157 2945 1305 3011 Romuli

153 3064 273 3127 000000
295 3046 326 3108 01
348 3043 545 3126 Tarquinii
566 3044 693 3108 Prisci
720 3045 808 3109 annis
830 3048 917 3111 Eutr.
940 3046 1098 3129 Rufusque
1124 3066 1194 3110 cum
1216 3045 1305 3112 Livio

152 3164 207 3209 nec
229 3165 290 3210 non
314 3144 458 3209 Cicerone
466 3147 491 3226 8)
518 3144 714 3208 consentiunt
742 3147 829 3210 annis
857 3146 897 3209 37
925 3147 1020 3229 priori
1045 3147 1086 3212 38
1114 3146 1305 3230 posteriori)
1398 3228 1400 3232 Α

220 3327 239 3396 1)
258 3327 338 3380 Cuius
357 3327 385 3379 in
402 3327 462 3380 aliis
486 3327 566 3380 rebus
589 3343 649 3381 cum
666 3329 743 3381 Eutr.
763 3329 990 3397 comparationem
1008 3345 1066 3399 cap.
1084 3345 1158 3398 0000.
1178 3331 1305 3385 invenies.

220 3411 320 3477 2)171(1.
339 3411 491 3464 Mommsen
508 3416 573 3464 rdm.
592 3412 770 3481 Chronologie
788 3429 814 3481 p.
834 3413 883 3467 138
901 3428 940 3480 sq.

219 3495 240 3561 ³)
260 3495 344 3560 Quem
363 3494 447 3548 secuti
466 3494 543 3547 Pauli
560 3496 749 3565 Historiaeque
767 3497 907 3551 Miscellae
926 3498 1031 3552 codices
1050 3513 1133 3552 annos
1150 3499 1184 3553 41
1202 3499 1305 3553 Numae

152 3576 186 3630 23
207 3579 284 3631 Anco
314 3579 346 3632 37
369 3578 516 3646 Tarquinio
539 3579 632 3633 Prisco
658 3582 692 3634 34
709 3582 802 3635 Servio
825 3581 913 3636 Tullio
936 3583 970 3636 35
990 3583 1089 3653 Tarqu.
1108 3583 1231 3651 Superbo
1258 3584 1305 3637 tri·

151 3661 249 3715 buunt:
267 3662 358 3716 nescio
371 3662 441 3716 unde
460 3662 541 3715 iidem
553 3663 695 3717 Romulum
707 3665 742 3719 39
753 3680 838 3719 annos
850 3681 976 3733 regnasse
989 3666 1144 3736 hauserunt,
1157 3683 1216 3721 cum
1228 3669 1305 3721 Eutr.

151 3745 184 3798 37
202 3745 312 3799 Hieron.
330 3745 364 3799 38
382 3761 466 3799 00000
486 3748 510 3800 01
529 3746 667 3813 tribueret.

218 3828 501 3900 Nfflmpstffi

219 3916 240 3982 5)
258 3913 339 3981 Apud
359 3913 506 3968 Eusebium
534 3914 562 3968 10
581 3915 710 3971 000000
729 3917 772 3988 (ex
791 3926 823 3973 00
841 3919 1033 3990 Hieronymum
1055 3925 1083 3975 et
1104 3920 1305 3990 cassiodorum)

152 4001 232 4066 atque
251 3997 412 4066 syncellum.

218 4081 239 4147 ⁶)
257 4081 298 4134 De
316 4097 345 4135 re
363 4099 389 4151 p.
407 4082 442 4139 Il.
462 4082 494 4135 14
510 4084 616 4152 August
634 4085 660 4139 C.
679 4086 712 4140 D.
731 4087 780 4144 III.
797 4088 821 4141 9.

219 4166 240 4232 7)
259 4165 339 4232 Apud
356 4167 504 4220 Eusebium
522 4175 587 4237 cet.;
606 4169 639 4223 cf.
658 4170 807 4238 chronogr.
826 4187 850 4225 0.
868 4173 919 4227 354
936 4189 962 4241 p.
981 4174 1031 4227 645
1048 4175 1205 4231 Mommsen.

221 4251 563 4320 Nffimpssmffl

219 4335 242 4402 ⁹)
261 4334 304 4386 Ex
321 4335 398 4389 Eutr.
416 4336 550 4389 Iohannes
568 4336 599 4389 s.
617 4337 658 4390 34.
