3038 4964
531 1778 970 1924 PRAEFATIO.

181 2153 228 2254 ln
253 2180 359 2274 prima
391 2180 453 2252 bac
486 2179 524 2253 de
556 2179 703 2274 Eutropii
735 2180 878 2255 sontibus
910 2180 1137 2274 disputationis
1168 2181 1329 2275 particula

181 2309 250 2382 cius
286 2328 375 2379 cunr
405 2305 526 2378 Livio
557 2307 897 2399 comparationem
931 2305 1022 2399 (Gap.
1053 2308 1132 2397 Ill.)
1166 2307 1331 2400 praemisi,

181 2431 376 2508 accuratiore
413 2431 448 2504 in
469 2410 674 2528 *Suetonium
714 2433 811 2526 atquo
848 2433 1057 2524 fontemque
1095 2432 1168 2507 inde
1206 2458 1227 2508 a
1259 2436 1334 2510 libri

181 2557 285 2632 octavi
316 2557 408 2630 initio
441 2558 616 2651 Eutropius
649 2581 729 2632 usus
762 2559 811 2631 est
844 2580 916 2631 cum
950 2557 1076 2631 Victore
1107 2559 1335 2654 Historiaeque

183 2683 352 2778 Augustae
386 2683 600 2776 Scriptoribus
631 2684 723 2758 affini
752 2683 959 2777 inquisitione
998 2684 1040 2757 ad
1074 2686 1332 2777 opportuniorem

187 2810 383 2886 occasionem
407 2809 586 2884 reservata:
626 2832 709 2903 quae
733 2832 807 2883 curn
837 2809 918 2883 milri
932 2811 1053 2884 oblata
1083 2809 1162 2900 erit,
1195 2810 1230 2884 in
1259 2812 1334 2886 aliis

186 2937 291 3010 tribus
317 2935 477 3028 capitibus
503 2936 648 3009 tractabo
683 2938 719 3028 1)
745 2936 939 3030 generalitor
969 2937 1007 3010 de
1037 2936 1247 3031 scriptoribus
1279 2939 1334 3031 qui
1477 2959 1478 2963 ’

186 3065 293 3138 eodem
321 3085 382 3155 quo
408 3061 582 3156 Eutropius
607 3063 696 3137 fonte
720 3062 771 3135 usi
797 3063 874 3136 sunt
898 3063 1069 3156 praecipue
1094 3063 1164 3137 eius
1190 3064 1332 3156 aequali-

186 3193 245 3264 bus
287 3187 374 3262 Rufo
419 3184 654 3280 Ammianoque
702 3189 799 3279 atque
840 3187 981 3260 cadentis
1028 3188 1168 3261 Romani
1212 3188 1338 3282 imperii

187 3315 257 3390 aevi
274 3313 495 3388 chronicorum
511 3313 730 3407 scriptoribus,
755 3313 929 3387 cassiodori
946 3314 1075 3387 tanturn
1092 3335 1165 3386 curn
1183 3315 1337 3408 Eutropio

188 3439 426 3536 comparatione
451 3438 517 3512 ianr
543 3461 628 3512 nunc
653 3439 840 3533 praemissa,
867 3439 985 3533 quippe
1021 3461 1103 3531 quae
1128 3439 1264 3513 maximi
1295 3442 1338 3514 ad

188 3567 407 3660 quaestionem
432 3565 471 3638 de
502 3565 764 3658 chronologia
789 3565 1046 3658 Eutropiana
1072 3561 1162 3661 (dap.
1181 3565 1242 3654 Il.)
1269 3587 1336 3639 mo-

190 3694 293 3767 menti
307 3693 370 3776 sit;
398 3686 435 3788 2)
456 3692 494 3763 de
514 3690 639 3784 graecis
652 3691 798 3785 Eutropii
810 3690 1007 3765 versionibus
1024 3691 1124 3783 deque
1150 3691 1187 3780 3)
1201 3689 1336 3783 scripto·

188 3820 279 3893 ribus
306 3817 361 3913 qui
387 3816 542 3909 Eutropio
567 3817 695 3891 auctore
725 3817 776 3890 usi
801 3817 889 3907 sunt,
922 3817 960 3890 de
986 3814 1232 3910 Augustino
1264 3817 1337 3889 tan-

187 3947 257 4018 tum
283 3945 554 4035 Maximoque
579 3942 771 4016 Planude
796 3943 861 4016 iam
890 3945 932 4017 ad
957 3942 1253 4037 hancparticulam
1269 3940 1337 4036 Ap-

188 4073 374 4166 pendicibus
401 4067 442 4168 (l.
487 4070 502 4141 t
527 4070 588 4158 Il.)
614 4067 785 4142 adiunctis.

290 4196 370 4269 Oum
394 4195 566 4270 editionem
592 4215 717 4287 quoque
735 4194 883 4286 Eutropii
908 4216 1093 4289 comparare
1118 4194 1200 4268 milri
1224 4216 1336 4288 propo·

175 4323 327 4422 gebenn,
368 4321 407 4395 de
440 4320 599 4393 codicibus
638 4319 857 4411 quaestionem
895 4321 1013 4396 ibidem
1046 4321 1263 4415 pertractab03
1299 4319 1340 4394 ad

1138 4449 1172 4501 1,*
