3038 4964
677 450 845 516 ,84-

187 655 318 720 pomam
341 637 373 701 et
393 634 569 718 Aquillium
591 633 628 699 ue
643 633 821 701 Aristonico
842 634 875 698 in
896 633 1052 716 triumpho
1074 633 1191 718 agendo
1205 635 1344 718 Perpen-

186 756 243 802 nae
266 739 363 802 morte
385 736 570 819 diremptum
596 753 663 800 esse
689 735 768 818 (scil.
796 735 900 817 itaque
921 733 1094 817 Aquillium
1119 734 1342 820 triumphasse)

186 840 298 905 narrat.
341 837 391 904 Ab
418 835 516 901 altera
541 835 646 918 itaque
672 838 759 919 parte
785 834 870 900 solus
903 836 1027 919 Eutrop.
1054 833 1104 918 (of.
1127 833 1240 916 Strab.)
1267 835 1343 914 stat,

185 956 285 1020 neque
317 955 371 1020 pro
399 937 481 1001 certo
514 934 659 1000 affirmari
685 937 802 1018 potest,
829 934 992 999 cuiusnam
1018 934 1130 1001 horum
1156 936 1344 1018 scriptomm

185 1037 319 1102 narratio
340 1035 468 1100 Liviana
488 1035 590 1102 tuerit.
1067 1031 1070 1035 ’

270 1134 476 1219 Sequentibus
508 1135 627 1201 duobus
650 1134 801 1219 capitibus
822 1135 872 1201 21.
896 1134 938 1199 22
960 1133 1042 1200 male
1065 1133 1167 1206 omnia
1181 1134 1343 1201 confundit

188 1238 328 1320 Eutrop:
351 1255 423 1301 nam
446 1255 524 1319 quae
546 1236 645 1319 priore
673 1235 833 1302 consulum
855 1254 882 1302 a.
904 1234 965 1300 631
990 1234 1165 1300 nominibus
1187 1235 1342 1317 appositis

185 1339 289 1401 namet
303 1336 336 1402 iu
350 1356 465 1402 annum
487 1337 601 1401 eadunt
616 1336 788 1420 proxiumm
800 1335 866 1400 632
880 1335 945 1400 scil.
968 1334 1001 1398 in
1016 1334 1148 1399 seeundo
1161 1334 1195 1401 C.
1208 1328 1342 1401 Gracchi

185 1436 342 1503 tribunatu
353 1438 435 1502 taeta
448 1439 566 1521 suut¹):
581 1436 634 1519 qui
645 1456 727 1502 error
738 1454 810 1501 sane
823 1435 945 1502 levioris
960 1435 1108 1500 momenti
1119 1436 1176 1511 est,
1185 1435 1239 1499 sed
1250 1436 1340 1502 addit

185 1537 270 1604 Eutr.
295 1537 509 1621 Carthaginem
533 1539 707 1620 reparatam
740 1555 806 1602 esse
836 1535 924 1600 annis
957 1535 1102 1600 duobus
1135 1536 1170 1598 et
1191 1534 1340 1618 viginti

186 1639 351 1720 postquam
377 1638 477 1702 fuerat
504 1655 618 1713 eversa,
651 1656 723 1702 oum
752 1656 849 1701 annus
877 1634 937 1700 631
967 1634 1173 1699 vicesimus
1195 1636 1340 1702 tertius

184 1737 232 1801 vel
261 1740 388 1820 quartus
416 1737 457 1801 sit
477 1739 548 1819 post
568 1756 595 1801 a.
611 1735 680 1802 008.
724 1736 870 1802 Secutum
900 1754 967 1801 esse
998 1736 1056 1800 hac
1088 1735 1120 1799 in
1157 1737 1255 1818 operis
1289 1739 1340 1803 sui

186 1838 305 1919 parte²)
338 1836 521 1919 Eutropium
561 1838 709 1903 livianam
741 1839 914 1919 temporum
953 1835 1213 1919 computationem
1245 1857 1340 1920 supra

183 1937 332 2002 vidimus:
366 1956 449 2002 error
476 1938 542 2001 eius
565 1937 694 2001 fortasse
716 1936 787 2001 inde
809 1939 893 2001 ortus
917 1936 979 2014 est,
1001 1936 1081 2017 quod
1104 1953 1169 2019 cap.
1196 1939 1339 2020 sequenti

183 2038 225 2102 22
248 2056 362 2102 annum
385 2055 463 2101 varr.
485 2037 546 2101 632
569 2037 686 2122 (livian.
709 2036 784 2120 629)
812 2037 900 2102 errius
926 2055 974 2100 res
1000 2038 1106 2119 gestas
1133 2035 1205 2102 ibid.
1231 2041 1340 2104 narrat

183 2139 257 2223 (vid.
286 2138 378 2217 infra)
402 2137 589 2202 confundens
611 2157 681 2203 cum
703 2157 781 2203 anno
803 2137 867 2200 630
888 2136 953 2218 (liu.
970 2136 1046 2220 627)
1068 2136 1155 2201 ouius
1174 2137 1338 2204 consulum

185 2237 311 2303 nomina
334 2256 402 2303 oum
436 2256 462 2304 a.
489 2237 551 2302 632
576 2238 752 2303 consulibus
777 2237 905 2303 confusa
931 2237 1068 2319 apponit,
1101 2237 1192 2302 illum
1220 2257 1338 2304 annum

183 2338 499 2405 sescentesimum
533 2339 753 2405 vicesimum
775 2337 976 2420 septimum
1002 2337 1107 2420 itaque
1136 2356 1251 2403 annum
1272 2338 1334 2404 631

185 2440 221 2504 de
245 2458 305 2522 quo
326 2457 351 2505 o.
371 2439 410 2502 21
428 2457 531 2503 sermo
556 2440 592 2503 tit
613 2458 704 2505 seso.
728 2437 944 2503 vicesimum
966 2440 1106 2503 sextum
1124 2441 1336 2522 esseputaue·

182 2538 237 2605 rit:
272 2559 342 2606 cum
371 2542 474 2603 autem
505 2558 530 2605 a.
561 2538 755 2622 Carthaginis
786 2556 908 2605 eversae
936 2538 1026 2619 (sarr.
1055 2539 1130 2622 608)
1165 2540 1335 2605 secundum

182 2640 281 2723 ipsius
302 2639 442 2721 Liviique
462 2640 719 2723 computationem
744 2638 1030 2703 sescentesimus
1053 2639 1209 2722 quintus
1231 2639 1332 2720 fuerit,

182 2742 264 2805 recto
292 2759 318 2806 a.
351 2739 414 2803 626
447 2740 651 2805 vicesimus
683 2739 871 2804 secundus
907 2741 977 2822 post
1009 2758 1078 2806 eum
1106 2740 1260 2824 designari
1292 2742 1332 2806 ab

182 2841 270 2906 Eutr.
291 2839 434 2922 potuit.³)
1398 2850 1401 2855 ·

267 2939 350 3004 Male
372 2941 475 3004 autem
497 2939 637 3021 Eutropii
658 2939 716 3002 hac
737 2939 768 3002 in
789 2940 876 3020 parte
898 2939 1103 3005 narrationem
1133 2941 1329 3023 depravatam

182 3059 257 3119 esse,
274 3041 366 3122 caput
387 3058 470 3122 sequ.
485 3040 526 3103 22
542 3040 695 3121 edocet:⁴)
717 3040 861 3105 nimimm
884 3040 986 3105 omnia
1007 3059 1083 3122 quae
1104 3041 1177 3105 ibid.
1193 3040 1285 3106 refert
1299 3043 1332 3105 in

181 3160 298 3206 annium
319 3141 433 3206 eadunt
454 3141 516 3204 632
537 3141 755 3224 proximosque
777 3140 848 3204 633.
871 3139 946 3205 6341
974 3142 1110 3205 ceterum
1130 3143 1222 3206 unius
1244 3143 1331 3207 cuius

181 3261 292 3308 nomen
303 3242 447 3325 apposuit
461 3243 544 3306 Eutr.
557 3241 690 3307 consulis
703 3243 736 3308 C.
751 3240 873 3305 Cassii
884 3241 1047 3324 Longini
1061 3246 1329 3325 rerumgestarum

184 3343 270 3408 nulla
284 3343 320 3407 iit
342 3343 424 3425 apud
445 3343 523 3407 alios
538 3344 701 3425 scriptores
724 3341 851 3406 mentio:
874 3342 1005 3406 altemm
1026 3361 1136 3407 nomen
1152 3344 1232 3425 quod
1244 3345 1329 3410 Eutr.

181 3443 302 3533 exhibet
328 3443 420 3527 (Sex.
444 3443 635 3509 Domitius
663 3440 857 3523 Calvinus)
883 3462 919 3507 ex
947 3442 1064 3507 duobus
1086 3444 1329 3510 consarcinatum

179 3583 379 3593 ι------

248 3657 269 3726 1)
286 3655 348 3712 vid.
366 3654 426 3711 Per.
443 3652 494 3706 LX
510 3653 625 3722 Appian.
648 3651 674 3711 b.
693 3667 715 3706 c.
733 3651 754 3709 I.
781 3651 814 3703 24
832 3650 902 3709 Plut.
920 3651 949 3708 C.
965 3650 1082 3704 Gracch.
1106 3651 1131 3710 8.
1149 3653 1195 3722 103
1217 3653 1330 3708 eundem

180 3755 259 3809 quem
276 3739 353 3793 Eutr.
376 3752 493 3793 errorem
511 3737 605 3793 Vellei.
623 3737 645 3795 Ι.
665 3737 697 3790 13
714 3734 878 3790 commisisse
896 3735 1001 3789 videtur
1018 3736 1145 3804 (utroque
1167 3737 1195 3795 C.
1215 3737 1330 3793 Gracchi

179 3824 318 3878 tribunatu
336 3823 464 3892 confuso).

246 3909 265 3978 ²)
283 3907 329 3963 IV.
347 3907 373 3967 2.
391 3907 431 3961 10.
449 3905 551 3959 221111.
570 3921 653 3975 supra
670 3922 696 3976 p.
714 3905 748 3958 20
766 3918 806 3974 sq.
1421 3958 1426 3987 r

247 3994 269 4063 ²)
286 3992 398 4062 Eutrop.
417 3990 560 4059 exscripsit
578 3991 645 4044 Oros
663 3990 695 4045 V.
714 3990 759 4059 12,
781 3989 829 4044 sed
851 4005 962 4044 numcro
984 3991 1019 4044 ab
1036 3989 1112 4045 Eutr.
1131 3989 1214 4046 allato
1232 3991 1330 4063 (XXII)

179 4075 215 4130 arl
233 4076 403 4144 Carthaginis
421 4090 531 4132 eversae
549 4090 659 4144 annum,
682 4090 761 4143 quem
779 4076 836 4143 ipse
859 4075 915 4143 th.
932 4075 967 4129 23
983 4075 1016 4133 V.
1034 4076 1062 4145 3)
1084 4082 1260 4146 apposuerat,
1284 4078 1330 4131 ad-

180 4160 245 4230 dito,
262 4175 401 4217 numerum
423 4161 473 4215 627
495 4160 528 4215 de
551 4175 575 4218 e.
593 4159 763 4228 Carthaginis
785 4160 927 4214 restitutae
949 4160 1107 4231 (6311111.)
1129 4175 1261 4229 usurpare
1283 4161 1329 4215 ad-

179 4246 275 4300 ductus
293 4250 336 4299 est
352 4244 405 4302 rid.
423 4245 550 4299 Mocrner
567 4259 592 4313 p.
612 4245 688 4300 7611.
706 4243 747 4296 15.
766 4243 806 4301 16.

245 4330 269 4399 ⁴)
285 4329 347 4386 viu.
364 4343 447 4398 supra
464 4344 490 4396 p.
507 4328 540 4381 21
558 4343 584 4385 n.
602 4328 626 4382 3.
