3038 4964
675 445 843 508 ..55-

271 626 321 691 Ad
342 628 435 693 finem
456 649 574 712 paragr.
596 629 687 694 huius
710 629 785 693 duos
806 629 891 694 Eutr.
913 629 997 695 locos
1019 629 1056 712 (I.
1076 630 1127 713 11)
1149 631 1338 713 pertractan-
1392 597 1395 602 Ι

188 727 243 791 dos
265 728 428 806 reservavi,
459 729 568 812 quibus
595 749 786 813 nequaquam
815 747 884 792 curn
905 729 994 796 Livio
1022 729 1174 794 eonsent't
1205 733 1236 796 et
1263 751 1339 814 quos

188 847 258 892 oum
273 828 368 893 ibide
389 831 576 894 mortibus
599 829 797 912 Tarquinii
819 828 979 911 Superbi
994 829 1183 894 etValerii
1205 831 1338 895 Publi-

187 929 290 993 colae
311 932 423 1012 ageret,
445 929 567 994 fluxisse
591 949 626 994 er
649 930 827 1011 catalogo
850 929 983 1011 quodam
1004 930 1170 1012 regum¹)
1192 932 1228 994 et
1249 930 1338 995 illu-

188 1029 325 1094 strium
352 1049 498 1113 quoque
525 1031 693 1096 virorum
715 1030 825 1094 saltem
851 1029 968 1112 primi
990 1029 1076 1093 anni
1099 1031 1301 1096 consulum
1326 1033 1338 1114 )

186 1133 332 1195 mortes
361 1130 520 1195 exhibente
548 1150 566 1194 1
595 1129 812 1214 probabilitate
840 1149 901 1194 non
928 1129 1089 1194 abhorrere
1116 1129 1247 1197 videtur.
1290 1132 1337 1196 De

188 1229 350 1312 Tarquinio
372 1230 474 1313 itaque
488 1231 581 1295 refert
595 1233 690 1309 Eutr.,
713 1229 803 1294 tertio
826 1231 896 1312 post
917 1247 1003 1312 reges
1019 1231 1140 1294 exactos
1156 1249 1236 1296 anno
1258 1231 1337 1314 (scil.

187 1331 649 1405 151.1.248)Τ111111111
677 1351 714 1396 se
742 1331 956 1395 contulisse
984 1329 1056 1411 (vid.
1079 1329 1145 1396 Liv.
1169 1332 1208 1398 ll.
1234 1332 1282 1413 15,
1306 1332 1338 1413 7)

186 1430 317 1513 ibique
339 1450 403 1514 per
424 1431 732 1513 quattuordecim
761 1450 878 1496 annos
906 1430 1095 1513 privatum
1120 1450 1200 1494 cum
1226 1450 1337 1497 uxore

186 1531 437 1608 consenuisse,
459 1552 529 1596 cum
550 1532 858 1609 1111.ΙΙ.21,511111
879 1532 950 1613 post
971 1549 1109 1613 pugnam
1130 1531 1210 1613 apud
1231 1531 1337 1614 Regil-

186 1631 252 1694 lum
274 1632 375 1695 lacum
396 1633 427 1715 (a
452 1632 527 1716 255)
544 1634 657 1698 Cumas
680 1634 717 1696 ad
732 1631 963 1698 Aristodemum
984 1632 1150 1713 tyrannum
1172 1650 1204 1695 se
1226 1633 1335 1696 contu-

185 1731 258 1796 lisse
270 1731 373 1812 ibique
384 1735 539 1797 mortuum
550 1752 616 1798 esse
630 1734 721 1798 client:
734 1731 929 1798 consentiunt
940 1729 1066 1813 Dionys.
1077 1731 1172 1795 Vtar
1184 1730 1243 1795 Dio
1256 1732 1337 1813 apud

187 1831 291 1898 Zonar.
314 1832 382 1898 Vll.
410 1833 520 1899 121111.
547 1834 587 1916 (p.
610 1833 671 1896 336
694 1834 734 1914 Β)
758 1832 862 1897 Cicero
885 1831 974 1897 Tusc.
996 1831 1054 1896 Ill.
1081 1831 1135 1908 12,
1162 1830 1203 1894 27
1230 1831 1337 1896 Victor

186 1950 211 1995 1.
235 1931 254 1994 8
277 1931 358 2014 finl).
404 1931 463 2011 out
484 1933 623 2016 Eutropii
649 1953 731 1997 error
757 1952 829 1998 sane
851 1931 927 1997 levis
950 1931 1035 2013 est⁴),
1064 1930 1233 1995 sedetiam
1259 1951 1336 2014 quae

186 2031 222 2095 de
243 2032 389 2114 temporis
412 2032 512 2115 spatio
535 2033 647 2098 adiecit
667 2034 745 2098 falsa
767 2035 851 2098 sunt:
873 2031 1020 2095 nimirum
1042 2035 1180 2097 mortuus
1197 2033 1244 2096 est
1260 2032 1336 2097 Tar·

185 2132 307 2213 quinius
329 2133 434 2197 1259
457 2133 536 2214 (Liv.
553 2133 573 2200 l.
589 2134 628 2216 1.)
651 2135 701 2199 111
723 2133 890 2199 seeundum
912 2131 1095 2214 Dionysium
1117 2151 1143 2197 a.
1158 2131 1252 2215 258⁵)
1274 2132 1334 2199 sci-

185 2233 258 2297 licet
279 2251 358 2296 anno
379 2234 571 2299 undecimo
598 2234 648 2299 vel
670 2234 808 2299 decimo
829 2234 902 2317 post
924 2250 1037 2295 annum
1059 2232 1243 2298 1111111248.
1281 2232 1336 2298 Vi-

186 2333 274 2398 detur
295 2334 381 2397 llutr.
405 2333 425 2397 l.
448 2353 472 2399 c.
494 2335 700 2400 narrationem
723 2335 760 2399 de
782 2332 940 2416 Tarquinii
966 2333 1064 2397 morte
1087 2332 1195 2397 ceteris
1216 2333 1335 2416 insper-

186 2433 262 2497 sisse
285 2452 320 2497 er
346 2433 430 2498 fonte
458 2435 602 2516 quodam,
631 2435 683 2517 qui
709 2435 839 2501 breviter
863 2454 972 2518 regum
992 2433 1200 2497 Romanorum
1221 2435 1335 2498 mortes

186 2536 376 2599 enarraverat
402 2537 493 2618 atque
525 2535 562 2600 de
590 2535 753 2616 Tarquinio
788 2554 857 2599 eum
891 2534 1189 2617 quattuordecim
1221 2553 1334 2600 annos

184 2784 259 2839 Eutr.
278 2802 349 2841 mox
367 2785 571 2840 commissa..
589 2788 707 2855 pugna)
725 2786 754 2840 id
766 2786 897 2841 accidisse
915 2785 1098 2841 dicuntahoc
1117 2786 1225 2853 querci
1242 2791 1334 2855 gestae

184 2875 318 2924 momento
340 2871 407 2925 illud
425 2877 568 2924 armatus
590 2870 757 2938 processit
780 2871 857 2941 (Livq
880 2870 1097 2939 progreditur
1115 2869 1229 2939 Gellius3
1256 2863 1333 2949 ἐξῄει

75 2986 79 2993 .
184 2955 228 3035 aqi
241 2953 350 3037 Kequi
370 2953 611 3032 διαγωνίσασθαι
636 2955 745 3022 Dionys.
770 2955 802 3008 cf.
822 2956 938 3012 Victor:
960 2956 1143 3024 processit,
1165 2954 1278 3024 Eutrop.
1302 2962 1334 3010 et

184 3053 253 3092 cum
270 3040 498 3108 processisset
516 3041 672 3109 armatus)
691 3040 839 3107 seiungunt.

251 3126 269 3192 ¹)
287 3124 347 3179 vid.
366 3124 382 3194 ξ
400 3125 537 3192 superiore
555 3142 580 3193 p.
598 3124 707 3181 45-47.
738 3120 748 3143 ⁸

251 3209 272 3278 ²)
289 3208 385 3262 Bruti
410 3214 543 3262 mortem
574 3212 873 3276 matronarumque
904 3209 1031 3263 luctum
1056 3210 1153 3264 iisdem
1183 3215 1214 3264 ut
1240 3212 1333 3267 Livius

183 3292 227 3361 (ll.
248 3293 319 3362 6,1;
338 3292 361 3360 7,
377 3293 405 3360 4)
423 3292 513 3346 verbis
531 3308 596 3346 usus
613 3291 697 3345 refert
713 3292 790 3345 Eutr.
810 3307 832 3348 c.
852 3292 895 3361 103
914 3292 978 3346 ibid.
998 3294 1030 3347 de
1048 3295 1206 3350 Lucretio
1225 3295 1333 3349 Trici-

182 3377 290 3445 pitino
313 3393 373 3431 eum
399 3377 510 3431 morbo
528 3381 688 3430 mortuum
707 3391 766 3429 csse
785 3375 858 3445 dicit,
876 3393 944 3444 quae
962 3377 1046 3431 verba
1064 3394 1080 3431 a
1097 3378 1174 3432 Livio
1192 3379 1281 3434 aliena
1298 3379 1332 3433 de

181 3460 285 3515 Numae
309 3476 414 3529 quoquo
432 3461 554 3529 Ancique
572 3461 703 3514 mortibus
721 3466 834 3529 usurpat
852 3460 912 3529 (vid.
932 3461 947 3531 ξ
967 3476 1055 3530 super.
1074 3460 1161 3532 ibid.):
1187 3462 1280 3516 Livius
1299 3463 1332 3518 de

182 3544 309 3598 Lucretio
328 3550 432 3598 tantum
449 3545 483 3610 (c.
500 3543 525 3609 8,
544 3545 584 3613 ll:
603 3545 657 3613 qui
674 3559 790 3611 magno
812 3551 891 3598 natu
908 3562 971 3599 non
989 3544 1247 3600 sufficientibus
1270 3547 1332 3600 iam

182 3629 309 3684 viribus
328 3629 366 3683 ad
384 3628 574 3682 consularia
599 3645 733 3683 munera
751 3628 904 3683 obeunda
931 3630 1020 3683 intra
1037 3645 1159 3699 paucos
1178 3630 1331 3685 (1111111-

182 3714 268 3767 ritur
285 3713 327 3783 (cf.
346 3713 456 3780 Dionys.
474 3713 507 3766 V.
529 3713 575 3782 19).

249 3799 269 3866 3)
285 3797 346 3851 Vid.
365 3797 517 3865 Schwegler
534 3797 569 3854 Il.
588 3813 614 3865 p.
633 3797 708 3854 6511.
729 3797 751 3854 l.

249 3883 269 3950 ⁴)
286 3882 418 3950 Eutropio
445 3897 509 3935 usus
536 3887 577 3935 est
603 3881 744 3949 Augustis.
768 3881 846 3935 (1.1).
873 3883 922 3940 111.
951 3883 983 3938 15
1009 3884 1051 3951 (11,
1076 3883 1228 3952 Schvegler
1253 3883 1331 3954 ibid.)

182 3966 234 4021 vid.
252 3966 377 4035 Append.
395 3967 416 4018 1.

248 4052 268 4116 ⁵)
287 4044 412 4128 Βραχύν
438 4071 504 4109 trra
533 4043 656 4128 ἡμερῶν
681 4045 816 4127 ἀριθμὸν
836 4049 970 4127 ἐπιβιοὺς
1000 4047 1082 4130 (παρ’
1103 4045 1329 4135 Ἀριστοδήμῳ)

181 4136 383 4219 ἀποθνήσκεις
415 4144 572 4210 confugerat
590 4149 678 4196 autem
697 4144 731 4197 ad
749 4160 809 4198 eum
827 4151 889 4212 post
907 4145 1000 4198 foedus
1020 4161 1036 4199 a
1053 4146 1182 4199 Romanis
1200 4161 1260 4199 cum
1277 4146 1330 4200 La·

180 4229 245 4284 tinis
263 4228 528 4296 111111111258111
546 4243 662 4296 pugnam
680 4228 752 4300 apud
761 4228 894 4297 Regillum
911 4229 988 4303 ponit
1004 4229 1115 4300 Dionys.
1134 4229 1330 4304 (1118111111-

180 4311 393 4382 11111113).
