3038 4964
684 433 830 497 -8-

180 619 372 701 aequalem
396 616 547 683 Iuliani
569 620 600 682 ot
622 617 800 683 Valentis
829 637 900 682 oum
926 617 1021 682 trisse
1049 618 1150 695 affert,
1177 637 1254 700 quae
1280 639 1334 683 ne-

180 739 334 802 quaquam
349 738 420 783 cum
435 718 474 783 iis
489 717 661 795 concinunt,
683 737 759 800 quae
774 719 805 782 in
821 717 922 782 codice
938 718 1085 783 Vaticano
1101 718 1210 784 Codini
1224 719 1334 801 legun-

180 821 256 902 tur')
269 839 339 884 eum
351 809 679 897 tnrcecloypu'qov
695 817 943 884 Constantini
965 820 996 883 et
1010 818 1089 883 inter
1104 818 1180 884 alios
1195 822 1334 884 auctores

180 920 253 985 ibid.
279 920 421 985 laudatos
444 922 646 1003 spectatorem
668 939 704 984 ac
719 921 830 984 testem
854 918 1139 1002 Constantinopolis
1162 922 1335 984 exstructae

180 1020 289 1094 fuisse;
305 1021 357 1085 scd
372 1024 455 1086 totus
467 1020 577 1086 Codini
589 1019 1002 1101 locuscit.erroribusplenus
1014 1019 1334 1102 estetexHesychii

180 1121 329 1185 Milesii
352 1122 572 1187 Chronicorum
592 1121 671 1185 libro
694 1121 778 1184 sexto
801 1119 981 1202 desumptus
1004 1139 1072 1184 esse
1087 1121 1260 1202 vinctura:
1282 1120 1334 1201 qui

181 1222 281 1304 cum³)
303 1222 389 1288 nullo
411 1223 502 1287 modo
520 1219 714 1286 Constantini
731 1220 867 1301 aequalis
882 1220 1092 1285 aestimandus
1114 1221 1157 1285 sit
1172 1219 1265 1285 etiam
1280 1220 1333 1284 alii

180 1341 198 1384 a
224 1321 340 1387 Codino
358 1322 476 1386 laudati
484 1321 509 1404 ⁴)
532 1320 719 1404 probabilius
740 1320 779 1383 ad
800 1320 970 1402 posteriora
992 1322 1129 1404 tempora
1149 1321 1255 1386 referri
1279 1321 1332 1384 dc-

180 1423 262 1486 bent.
308 1423 456 1504 Equidem
479 1441 540 1486 non
562 1420 684 1497 dubito,
707 1419 781 1501 quin
803 1421 895 1484 verba
919 1420 972 1484 illa
994 1420 1105 1486 Codini
1127 1417 1176 1477 καὶ
1210 1418 1333 1478 ἐπιστο-

180 1514 335 1598 lcypu'qog
348 1520 468 1578 Κωνσι.
490 1522 580 1604 plano
603 1541 663 1584 non
684 1520 723 1583 ad
739 1520 921 1602 Eutropium
942 1521 1099 1587 referenda
1121 1522 1193 1599 sint,
1217 1519 1331 1586 aedeis

179 1621 319 1705 ignotum
341 1622 492 1704 quendam
519 1622 698 1704 scriptorem
722 1619 1049 1703 constantinum)
1071 1613 1332 1698 ἒπιστολογράφον

181 1723 316 1787 Codinus
331 1723 492 1805 designare
507 1720 679 1804 voluerit).
724 1722 832 1806 ltaque
846 1720 925 1784 nihil
947 1720 1031 1786 aliud
1052 1741 1087 1786 ox
1110 1722 1174 1786 eius
1188 1722 1255 1786 loco
1268 1719 1331 1784 dis-

181 1842 247 1887 cere
262 1842 437 1905 possumus,
459 1842 550 1904 quam
565 1821 750 1904 Eutropium
772 1821 852 1886 inter
867 1821 945 1886 alios
967 1822 1129 1904 scriptores
1144 1822 1181 1886 de
1196 1823 1331 1885 exstruc-

181 1923 264 1988 tione
287 1922 572 2006 Constantinopolis
598 1921 689 1987 verba
716 1921 825 1987 fecisse
851 1942 948 2004 neque
975 1922 1099 2003 quidem
1127 1941 1248 1986 necesse
1276 1922 1332 1998 est,

182 2024 219 2088 de
242 2024 302 2088 alio
324 2025 410 2088 Eutr.
434 2043 522 2106 opere
545 2024 577 2086 in
603 2042 663 2104 quo
685 2023 759 2087 haec
788 2022 963 2105 exposuerit
990 2021 1172 2100 coniectare,
1205 2042 1275 2086 cum
1301 2021 1332 2084 in

180 2124 340 2188 BreviarIo
364 2125 461 2188 obiter
483 2122 607 2206 quidem
630 2123 682 2188 sed
704 2109 809 2205 aperte
829 2123 908 2186 hanc
930 2141 995 2186 rem
1017 2121 1157 2205 attigerit
1178 2122 1231 2205 (X.
1254 2121 1296 2205 8).

267 2224 351 2302 Quae
373 2245 444 2289 curm
464 2225 509 2289 ita
531 2225 603 2302 sint,
625 2223 703 2286 nihil
725 2225 773 2289 est
787 2243 841 2287 cur
855 2224 943 2290 Eutr.
959 2229 1100 2287 nostrum
1114 2222 1246 2286 eundem
1268 2241 1333 2286 esse

181 2323 228 2387 illi
250 2324 357 2389 Acacii
379 2324 530 2408 discipulo
552 2343 712 2407 negemus:
746 2343 818 2389 nam
839 2323 941 2388 nescio
962 2323 1043 2388 unde
1065 2321 1216 2406 Sieversl)
1239 2323 1333 2387 colle-

181 2425 261 2508 gerit
286 2425 470 2508 Eutropium
492 2425 633 2490 Persicae
665 2424 779 2490 Iuliani
806 2422 1022 2507 expeditioni⁸)
1054 2426 1202 2506 tanquam
1228 2422 1332 2487 mili-

182 2532 300 2590 tarem
322 2526 475 2609 virum⁹)
496 2525 677 2592 interfuisse.
710 2523 798 2588 Nihil
812 2526 871 2590 hac
886 2525 923 2589 de
938 2523 1016 2589 rein
1032 2522 1169 2588 fontibus
1183 2523 1331 2588 invenies:

251 2727 269 2796 ¹)
286 2726 444 2794 Eodemque
461 2725 540 2779 modo
559 2723 631 2792 apud
648 2724 818 2792 Anonymum

251 2813 269 2881 2)
287 2812 328 2864 De
346 2827 399 2880 qno
417 2809 470 2866 vid.
487 2808 587 2862 Mttller
604 2807 696 2876 fragm.
715 2808 809 2861 histor.
827 2823 906 2875 graec
924 2807 970 2866 IV.
988 2823 1014 2875 p.
1033 2807 1056 2860 4.

249 2897 268 2964 ³)
287 2895 370 2960 Quem
382 2893 675 2962 ipsuminterauctores
683 2891 744 2944 illos
750 2891 964 2946 laudatCodinus
974 2891 1050 2961 (Hes.
1067 2886 1118 2950 τὸν
1129 2883 1333 2970 ταχυγράφον)

247 2979 348 3048 ⁴)Scil.
380 2976 611 3046 Eutychianus
641 2977 870 3043 grammaticus
902 2982 929 3029 et
968 2974 1100 3029 Troilus
1135 2975 1251 3029 rhetor
1281 2974 1332 3027 vid.

181 3063 354 3121 Mallote.

250 3148 267 3215 ⁵)
284 3147 359 3200 Haec
382 3146 452 3200 enim
472 3139 500 3216 td
520 3138 780 3224 ἕπισῑολογράφυς
800 3143 1043 3222 Κωνσιαντῖνος)
1063 3143 1133 3212 apud
1156 3143 1285 3198 Codinum
1306 3143 1334 3197 in

183 3230 242 3285 aliis
261 3231 398 3286 codicibus
416 3231 549 3299 leguntur.

249 3316 269 3385 ⁶)
287 3316 360 3369 Nota
372 3315 500 3369 Codinum
514 3315 700 3370 coniunctione
713 3310 762 3372 ab
781 3314 852 3368 hune
870 3307 1131 3394 ἓπιστολογράφον
1141 3329 1158 3367 a
1169 3313 1333 3383 praeceden-

182 3400 264 3468 tibus,
281 3399 328 3453 ubi
346 3399 379 3452 de
397 3399 474 3452 Eutr.
492 3398 597 3454 locutus
616 3407 664 3468 est,
683 3400 829 3464 seiungere.

251 3484 336 3553 ⁷)(D)
353 3500 379 3551 p,
396 3483 454 3536 278.

252 3570 270 3638 ⁸)
288 3568 349 3626 Vid.
362 3567 438 3621 Eutr.
451 3569 538 3636 Ipsum
552 3568 577 3622 X
600 3567 632 3621 16
649 3582 683 3620 ex
696 3581 727 3620 eo
741 3565 834 3625 Codin.
847 3567 978 3636 Anonym.
997 3568 1056 3622 llcc.
1069 3567 1102 3622 cf.
1120 3567 1248 3623 Malalam
1259 3567 1334 3624 XIII.

182 3669 207 3721 p.
227 3654 278 3707 334
294 3654 379 3708 Bonn.

250 3739 271 3805 9)
291 3737 371 3806 „Als
397 3735 567 3802 Krieger’'‚
610 3734 745 3788 Rhetores
771 3735 905 3789 interdum
931 3735 959 3790 itt
989 3734 1117 3788 comitatu
1143 3735 1334 3804 imperatorum

182 3821 343 3875 militaribus
362 3818 577 3888 expeditionibus
600 3818 762 3889 iuterfuisse,
780 3820 823 3874 vel
842 3820 993 3888 exemplum
1010 3819 1175 3874 Prisciani
1196 3820 1335 3873 cuiusdam

184 3905 273 3974 docet,
298 3905 485 3958 Constantium
507 3919 575 3956 anno
597 3903 648 3957 359
673 3904 702 3957 in
725 3904 923 3972 expeditionem
945 3903 980 3957 ad
1001 3903 1154 3958 Danubium
1176 3903 1261 3956 secuti
1282 3903 1333 3956 vid.

79 3983 82 3988 ’
184 3989 289 4042 Sievors
312 3988 378 4058 (IX)
400 4004 424 4055 p.
449 3987 482 4040 81
504 4003 530 4040 11.
557 3987 596 4041 66.
621 3987 665 4041 67:
693 3989 732 4041 ita
757 3989 839 4042 ettam
859 3989 978 4043 Iulianus
997 3984 1170 4042 'Seleucum
1196 4003 1286 4041 secum
1307 3988 1334 4040 in

184 4072 295 4127 Persica
322 4071 492 4139 expeditione
518 4071 615 4125 habuit
639 4070 762 4140 Calliopii
787 4072 895 4127 Libanii
923 4071 1048 4141 discipuli
1074 4079 1102 4126 et
1127 4072 1248 4127 laborum
1278 4073 1334 4127 eius

184 4155 314 4209 adiutoria
333 4156 393 4224 (vid.
411 4154 484 4208 infra
503 4172 529 4224 p.
543 4157 574 4210 11
592 4173 618 4214 n.
636 4156 663 4221 2)
681 4172 820 4224 generum:
846 4158 898 4212 vid.
919 4158 1024 4212 Sievers
1044 4157 1114 4226 (XI.)
1132 4174 1158 4226 p,
1177 4157 1225 4212 107
1247 4173 1272 4215 n.
1290 4158 1334 4226 22;

185 4239 263 4308 epist.
284 4239 497 4294 rotatibanius
515 4247 605 4294 utres
623 4246 712 4308 gestas
731 4241 828 4294 Iuliani
845 4241 873 4295 in
890 4242 1001 4296 Perside
1020 4241 1185 4295 describeret
1207 4258 1267 4296 eum
1289 4242 1335 4296 ad·

184 4329 287 4392 monot;
310 4324 341 4376 cf.
365 4324 446 4378 etlam
470 4324 574 4378 SIevers
593 4325 675 4395 (XII.)
698 4342 715 4394 p
744 4325 792 4382 132
809 4342 834 4379 n.
852 4325 885 4379 41
908 4325 941 4379 de
958 4332 1039 4397 poeta
1058 4325 1218 4382 Callistio.
