3038 4964
679 428 844 492 „47-

188 615 332 699 ambages
354 615 533 699 expressio)
561 613 594 678 in
620 612 782 677 annalibus
808 611 872 676 illis
901 612 1002 678 verbis
1024 631 1096 677 non
1123 611 1339 696 comparuit

188 733 331 799 expressa
359 734 425 780 esse
451 715 595 780 videntur
620 713 681 776 vid.
705 712 841 779 ciceron.
871 712 908 777 de
933 732 965 777 re
993 735 1021 797 p.
1045 715 1083 778 ll.
1110 710 1221 789 10,1t
1254 713 1336 794 (cum

188 817 290 881 subito
318 815 381 880 sole
404 815 565 880 obscurato
584 832 646 878 non
668 812 968 895 comparuisset)
993 814 1187 879 Victorem
1210 811 1247 876 de
1267 832 1294 877 u.
1318 811 1337 878 1.

159 986 161 989 ,
188 935 212 980 c.
234 916 255 980 2
276 915 446 997 iisdemque
467 914 557 996 plano
578 913 679 978 uerbis
702 917 901 995 (nusquam
925 912 1147 997 comparuit)
1170 911 1337 978 6111010-
1382 966 1384 970 .

187 1015 376 1098 graphum
400 1034 425 1081 o.
447 1013 511 1078 354
530 1012 877 1095 Hieronymumque
898 1012 952 1079 lat.
974 1013 1045 1078 hist.
1067 1013 1104 1078 fr.
1128 1011 1169 1076 23
1191 1011 1229 1076 cf.
1244 1011 1336 1076 Lam-

186 1114 263 1196 prid.
279 1114 436 1180 Commod.
451 1113 503 1196 2¹)
526 1112 697 1186 (Nonarum
713 1111 862 1178 Iuliarum
879 1114 928 1179 die
942 1133 1001 1196 quo
1024 1113 1062 1177 in
1083 1112 1196 1176 terris
1218 1113 1336 1179 Romu·

186 1215 237 1280 lus
258 1233 319 1279 non
341 1213 535 1298 apparuit)
558 1213 652 1277 etiam
666 1211 792 1294 Dionys.
811 1214 847 1279 H.
863 1213 904 1276 56
919 1213 1052 1296 (=Plut.
1069 1213 1162 1278 Num.
1179 1212 1212 1293 3)
1234 1205 1339 1290 doctr*

187 1309 326 1392 γένεσθα(
349 1314 399 1391 (cf.
420 1307 579 1392 ἠφανίσθη
599 1311 682 1377 Plui.
704 1312 791 1379 Rom.
813 1312 854 1376 27
884 1312 1002 1380 Caruili.
1026 1313 1079 1390 33)
1107 1313 1167 1377 uid.
1196 1311 1336 1392 Schweg·

186 1412 285 1476 lerum
307 1413 380 1495 lp.
402 1411 463 1475 531
492 1432 521 1478 n.
542 1411 562 1475 3
590 1413 735 1495 locosque
757 1431 836 1494 quos
858 1412 901 1478 ibi
923 1414 1010 1478 affert
1032 1413 1068 1477 de
1091 1413 1212 1477 Aeneae
1234 1411 1337 1476 Latini

187 1512 334 1576 Aventini
356 1512 507 1578 mortibus
530 1512 645 1578 eisdem
666 1512 766 1576 verbis
789 1513 978 1596 expressis).

269 1611 340 1677 Non
362 1614 399 1678 ab
421 1632 453 1677 re
475 1613 610 1678 alienum
633 1612 707 1676 duxi
729 1612 765 1676 de
787 1612 878 1690 libre,
902 1613 957 1695 qni
979 1613 1036 1678 sub
1059 1612 1180 1678 nomine
1202 1612 1337 1677 Victoris

187 1714 318 1778 aetatem
352 1712 436 1791 tulit,
471 1712 512 1776 de
545 1711 637 1776 viris
669 1711 900 1777 illustribus
921 1713 1068 1796 inscripto
1090 1731 1189 1795 pauca
1210 1713 1336 1777 addere:

187 1813 241 1896 qui
264 1812 406 1879 similiter
428 1818 522 1894 atque
544 1814 644 1876 cetera
663 1811 798 1876 eiusdem
815 1812 882 1875 aevi
903 1807 1050 1877 historica
1063 1814 1178 1897 scripta
1193 1831 1335 1895 magnam

185 1915 303 1996 partem
326 1933 362 1978 ex
376 1912 463 1978 Livio
485 1911 610 1978 fluxisse
632 1911 761 1990 videtur,
786 1913 885 1977 multa
907 1914 1009 1977 tamen
1031 1914 1062 1977 in
1085 1933 1119 1979 eo
1139 1911 1243 1977 addita
1262 1913 1336 1978 sunt

186 2033 222 2078 ex
254 2013 407 2079 similibus
439 2011 576 2077 fontibus
608 2013 701 2094 atque
743 2031 804 2077 non
838 2012 951 2079 liviana
984 2014 1066 2096 apud
1108 2013 1336 2095 Eutropium

186 2113 455 2197 Hieronymum
488 2111 817 2195 chronographum
852 2112 929 2178 alios
956 2112 1118 2197 hausta⁴):
1155 2113 1192 2178 cf.
1214 2114 1336 2196 praeter

185 2213 269 2279 locos
291 2213 405 2297 quibus
427 2232 496 2279 curn
518 2213 667 2296 Eutropio
687 2212 820 2278 concinit
841 2212 906 2278 scil.
937 2214 973 2278 de
1001 2213 1127 2278 Romuli
1154 2213 1336 2294 Numaeque

186 2313 336 2379 mortibus
368 2314 487 2397 (Victor
514 2333 538 2380 c.
566 2314 595 2381 2.
617 2313 638 2376 3
670 2314 757 2379 llutr.
779 2332 803 2377 c.
826 2313 855 2378 2.
879 2312 1045 2397 3)(10110
1072 2333 1151 2378 anno
1185 2332 1205 2377 a
1230 2311 1335 2377 Numa

186 2413 323 2479 ordinato
346 2417 376 2478 et
399 2415 486 2480 Ostia
508 2414 546 2478 ab
568 2413 654 2478 Anco
676 2414 799 2478 condita
821 2413 939 2495 (Victor
961 2414 1138 2480 301110.
1161 2413 1189 2480 3.
1211 2412 1278 2495 b)⁵)

322 2514 459 2567 Victorem
477 2514 533 2570 c.'l
551 2512 597 2571 111.
829 2529 888 2566 cum
906 2512 1038 2570 Hieron.
1055 2512 1102 2571 lat..
1119 2512 1183 2568 hist.
1200 2511 1233 2569 fr.
1253 2510 1286 2564 16

221 2614 351 2668 Romulus
378 2613 463 2668 edixit
489 2628 524 2667 10
551 2613 611 2681 quis
637 2614 735 2668 vallum

186 2697 335 2751 transiliret

218 2780 289 2848 quod
306 2781 406 2834 Remus
423 2781 538 2835 irridens
557 2781 693 2834 transiluit
786 2783 822 2851 (1)
846 2781 879 2835 ob
906 2781 1095 2835 transmissum
1112 2780 1185 2835 saltu
1202 2777 1301 2833 uallum

220 2871 247 2918 et
264 2881 281 2917 a
298 2864 405 2936 [Fabio]
424 2865 543 2933 Celeret)
562 2866 717 2918 centurione
784 2867 820 2934 (3)
839 2861 983 2933 a'Fabio⁶)
1001 2864 1108 2919 Romuli
1126 2865 1201 2921 duce.

218 2955 311 3002 rutro
328 2948 413 3022 101111
431 2950 566 3006 occisus.
785 2951 821 3021 (2)
840 2951 944 3005 0001010
961 2955 1003 3003 est
1014 2949 1115 3003 Remus
1134 2955 1227 3001 rutro
1245 2950 1335 3014 pasto·

784 3033 835 3087 rali
876 3063 879 3071 ·

254 3170 272 3237 1)
292 3169 401 3237 (Goorta
423 3169 582 3236 tempestas)
600 3171 655 3219 tam
673 3166 757 3221 denso
774 3183 863 3234 regem
883 3169 989 3236 operuit
1005 3168 1095 3222 nimbo
1113 3172 1144 3221 ut
1161 3170 1334 3234 conspectum

186 3252 242 3304 eius
261 3253 379 3306 contioni
397 3252 551 3321 abstulerim
570 3267 629 3304 nec
648 3250 765 3305 deinde
783 3253 815 3305 in
834 3253 936 3305 terris
952 3252 1112 3306 Romulus
1130 3251 1201 3304 fuit.

253 3337 271 3405 ²)
289 3335 351 3389 Vid.
370 3352 452 3405 supra
468 3353 495 3405 p.
513 3336 547 3389 30
564 3353 589 3388 1.
608 3336 632 3388 2.

251 3420 271 3487 ³)
291 3419 375 3485 Quam
393 3420 503 3487 vulgata
521 3420 587 3474 haec
605 3420 705 3473 locutio
725 3419 807 3473 luerit
824 3420 886 3474 inde
904 3435 926 3473 0.
945 3435 983 3486 gr.
1003 3420 1099 3483 clucet,
1118 3417 1190 3486 quod
1207 3419 1235 3471 in
1253 3432 1335 3470 anna-

184 3501 254 3555 libus
272 3503 367 3572 (usque
386 3503 420 3556 ad
438 3519 462 3560 a.
486 3521 512 3572 p.
531 3502 592 3561 Chr.
611 3503 661 3557 539
679 3498 812 3573 deductis)
831 3503 1040 3572 chronographo
1064 3520 1088 3560 a.
1107 3502 1158 3556 354
1184 3500 1283 3554 additis
1302 3500 1335 3554 de

184 3585 291 3641 Nerone
309 3587 471 3655 (Mommsen
493 3604 520 3656 p.
539 3587 597 3654 659)
621 3588 656 3640 ad
678 3603 701 3644 a.
719 3604 746 3655 p.
764 3587 825 3645 Chr.
844 3589 877 3642 ct
895 3588 996 3642 dictum
1014 3588 1062 3641 sit:
1089 3587 1140 3640 his
1162 3600 1249 3641 cons,
1272 3583 1334 3637 Ne·

182 3685 261 3723 rone
280 3670 317 3724 dc
335 3670 478 3740 imperio
497 3687 561 3725 non
579 3673 771 3741 comparuit.

248 3755 269 3823 ⁴)
288 3753 329 3814 Cf.
343 3756 389 3822 qui
401 3755 543 3809 novissime
561 3755 594 3810 de
606 3755 685 3809 huius
697 3755 760 3809 libri
776 3755 896 3810 fontibus
909 3757 1056 3826 disputavit
1073 3757 1102 3814 0.
1119 3756 1334 3812 Aldenhoven

93 3895 95 3898 ,
181 3837 218 3896 fil.
237 3839 265 3892 in
282 3838 381 3893 Herma
398 3839 432 3896 V.

250 3922 269 3991 ⁸)
289 3921 328 3980 cf.
347 3922 393 3976 illa
411 3939 516 3992 quoque
537 3939 607 3991 quae
624 3929 678 3978 tam
697 3925 827 3979 concinna
845 3930 908 3978 sunt
924 3930 956 3979 ut
974 3941 1007 3980 ex
1024 3925 1214 3980 vetustissimis
1233 3927 1335 3995 annali-

181 4006 230 4060 bus
241 4005 385 4075 desumpta
394 4022 453 4061 csse
463 4008 610 4064 videantur
622 4008 694 4076 apud
705 4009 783 4067 Eutr.
797 4015 824 4063 et
835 4010 937 4068 Victor.
951 4026 973 4063 0.
983 4025 1006 4067 0,
1019 4011 1035 4063 6
1048 4010 1081 4064 (10
1100 4011 1189 4065 01100
1207 4012 1334 4080 aTarqu.

181 4089 274 4145 Prisco
293 4091 448 4146 aedificato
465 4093 554 4147 ludis
572 4090 702 4146 Romanis
722 4093 847 4162 (magnisz
865 4095 970 4162 Victor)
989 4095 1159 4149 institutis
1178 4095 1259 4149 muris
1278 4095 1333 4150 iae·

182 4173 217 4226 tis
236 4173 298 4242 (vid.
315 4175 493 4230 Aldenhoven
510 4176 528 4234 l.
546 4176 579 4244 c.)
687 4213 689 4218 -

249 4260 272 4327 6)
289 4259 352 4317 Vid.
371 4259 523 4328 Schwegler
534 4260 555 4315 Ι.
573 4278 599 4330 p.
617 4261 668 4315 389
685 4262 754 4318 n.13
772 4261 804 4316 (10
823 4262 938 4317 001010
956 4265 1047 4332 (quem
1065 4263 1245 4318 1000101110
1263 4279 1333 4318 cen·

180 4341 346 4400 tutionem
363 4342 446 4398 fuisse
462 4345 557 4399 Victor
575 4345 666 4415 dicit):
683 4345 780 4401 Fabii
798 4362 895 4401 nomen
912 4347 1022 4408 Hieron.
1040 4349 1112 4403 solus
1130 4347 1249 4406 exhibet.
