3038 4964
677 451 891 519 -81-.

181 636 241 711 676;
270 656 340 702 nam
371 653 523 717 nusquam
546 635 730 718 absolvor
753 653 848 717 quam
874 601 1143 721 7166666677)
1172 636 1267 702 dicit
1296 636 1333 700 de

181 735 269 803 Livio
291 736 498 818 6666667667).

265 902 351 969 Libri
374 905 418 969 lV
440 902 591 986 capitibus
620 903 657 966 17
680 905 712 967 et
738 903 779 966 27
808 903 1005 985 comparatis,
1032 903 1220 986 singularem
1247 903 1330 987 ipso·

181 1023 252 1068 rum
277 1003 437 1068 verborum
463 1002 697 1068 similitudinem
722 1002 815 1067 iniis
838 1021 914 1085 quae
935 1005 1020 1069 Futr.
1043 1005 1173 1085 utroque
1201 1003 1268 1069 loco
1297 1005 1333 1068 de

184 1102 334 1186 Scipionis
346 1101 525 1184 Metellique
547 1102 708 1168 militari
730 1103 937 1186 disciplina
957 1106 1062 1168 narrat
1076 1103 1166 1168 facile
1188 1103 1326 1168 animad-

183 1205 297 1268 vertes:

226 1305 279 1370 lV.
304 1301 342 1366 17
364 1303 392 1366 is
413 1303 548 1385 primum
569 1303 703 1368 militem
788 1303 842 1369 IV,
864 1303 905 1367 27
926 1303 954 1368 76
976 1304 1147 1371 exercitum.

184 1403 329 1469 vitiosum
352 1403 384 1466 et
404 1401 551 1485 ignavum

225 1502 390 1568 exercendo
426 1502 525 1585 magis
561 1522 653 1585 quam
675 1523 732 1587 pu·
804 1504 923 1586 ingenti
950 1504 1110 1569 6666677676
1135 1506 1167 1570 67
1195 1505 1333 1570 modera-

183 1603 293 1668 niendo
784 1602 868 1668 tione
891 1606 1057 1669 correctum

226 1703 292 1768 sine
324 1703 428 1786 aliqua
465 1703 630 1767 acerbitate
667 1723 733 1768 cor-
807 1723 878 1768 curn
895 1703 1014 1767 nihilin
1032 1723 1215 1787 quemquam
1228 1725 1335 1770 cruen-

184 1803 269 1870 rerit.
786 1805 854 1868 tum
876 1803 988 1868 faceret
1010 1805 1048 1869 ad
1069 1804 1262 1888 disciplinam
1274 1807 1336 1870 Ro-

786 1923 911 1968 maoam
934 1904 1062 1970 reduxit.

483 2006 521 2072 67.
543 2022 620 2086 quae
641 2005 770 2085 utroque
792 2005 860 2069 loco
883 2006 1039 2069 secuntur:

210 2107 276 2171 tum
310 2106 424 2171 multas
457 2105 625 2188 Hispaniae
658 2104 734 2169 ciri·
807 2105 923 2170 multas
938 2104 1078 2170 civitates
1097 2105 1195 2188 ipsius
1213 2107 1324 2189 (Iugur

186 2207 267 2271 tates
786 2205 872 2286 7766)

207 2305 321 2388 partim
341 2305 423 2370 bello
445 2305 526 2389 cepit
823 2355 829 2368 ,
937 2355 970 2368 ..
1214 2358 1221 2372 .

206 2405 374 2487 partimin
396 2406 579 2471 deditionem
610 2406 733 2489 accepts.
809 2355 854 2441 [¹¹¹
876 2355 1062 2421 d³d¹i¹⁰¹¹0m
1084 2359 1135 2440 acl
1157 2360 1246 2441 cepo.

271 2505 355 2585 Quae
377 2506 549 2572 similitudo
569 2509 656 2572 76676
678 2510 733 2586 667,
755 2512 791 2571 67
813 2506 963 2571 Ρ6666766
986 2525 1104 2588 quoque
1125 2509 1232 2573 ambos
1255 2507 1339 2573 locos

187 2606 345 2671 simillimo
377 2607 470 2672 modo
502 2607 640 2684 verterit,
676 2609 708 2671 et
739 2608 867 2689 utroque
899 2607 966 2672 loco
998 2608 1084 2672 11676.
1119 2610 1218 2674 textui
1249 2611 1339 2672 verba

186 2699 245 2763 ὑπὸ
280 2710 343 2774 τοῖς
373 2703 531 2786 προτέροις
559 2699 684 2784 ἡγεμόσι
713 2739 752 2751 -‹
780 2701 840 2765 ὑπὸ
872 2712 935 2775 τοῖς
965 2702 1126 2785 acccipere
1159 2701 1287 2777 ὑπάτοις
1303 2709 1337 2784 ³),

186 2798 358 2864 7666666677.
402 2798 541 2865 Ceterum
564 2801 731 2883 posteriore
753 2801 819 2866 loco
839 2801 933 2865 verba
946 2802 1031 2864 Futr.
1055 2819 1125 2864 cum
1148 2800 1217 2865 aliis
1239 2799 1337 2883 scrip-

188 2900 305 2965 toribus
331 2900 526 2964 consentinnt
550 2900 610 2967 vid.
632 2901 795 2984 praecipue
818 2900 943 2966 Sallust.
967 2903 1105 2983 Iugurth.
1134 2921 1159 2966 6.
1181 2901 1230 2966 44.
1255 2902 1343 2984 45⁴)

255 3069 274 3138 ¹)
294 3068 350 3134 „Eo
372 3065 443 3120 bello
465 3067 591 3136 populum
613 3068 762 3121 Romanum
781 3069 822 3122 sni
839 3068 984 3134 Latinique
1007 3067 1122 3121 nominis
1141 3067 1337 3122 (1006666676-

187 3168 246 3205 rum
277 3151 404 3205 habuisse
436 3151 559 3220 [Fabius]
589 3152 675 3205 dicit”
707 3152 805 3219 (dicit
836 3152 952 3219 Nazar.;
979 3151 1007 3204 in
1039 3152 1163 3205 dicitur
1189 3157 1339 3205 correctum

188 3237 216 3289 in
234 3235 395 3292 Guelferbit.
413 3235 491 3303 67776).
1042 3228 1049 3233 ’

255 3321 274 3388 7)
292 3320 332 3374 716
350 3321 469 3374 numeris
486 3335 520 3374 ne
538 3321 642 3388 longior
661 3321 711 3374 sim
728 3319 763 3373 ad
780 3319 813 3372 H.
823 3320 915 3373 Peteri
933 3318 1025 3386 fragm.
1044 3319 1123 3372 Fabii
1141 3319 1175 3373 23
1192 3319 1343 3374 adnotatio·

189 3421 249 3460 nem
267 3404 385 3458 remitto.

256 3490 276 3556 3)
294 3489 423 3542 Fortasse
440 3489 467 3541 h.
486 3489 503 3546 l.
522 3489 554 3556 (6.
567 3489 610 3555 27)
629 3490 657 3541 76
670 3488 747 3547 Ε676,
765 3493 841 3542 textu
859 3488 951 3554 aliqua
969 3486 1138 3541 exciderunt:
1156 3485 1254 3552 legisse
1275 3487 1343 3540 enim

189 3576 289 3630 Paean.
311 3589 361 3626 nec
383 3590 437 3626 non
460 3572 572 3626 Iohann.
595 3574 756 3630 Antiochen.
778 3574 819 3642 (fr.
845 3573 885 3626 64.
907 3567 1194 3651 διεφθαρμένην
1213 3563 1273 3629 ὑπὸ
1292 3574 1345 3648 τῆς

190 3667 295 3735 κακίας
320 3667 381 3723 τῶν
406 3658 582 3744 ἔμπροσθεν
605 3659 814 3743 ἡγησαμένων)
837 3681 887 3732 666
909 3668 1095 3717 correctum
1118 3661 1250 3730 quaedam
1272 3663 1346 3715 velut

190 3759 393 3829 aprioribus
417 3757 555 3810 ducibus
578 3763 769 3825 corruptum
788 3758 913 3812 videntur
935 3759 1139 3823 (correptum
1163 3754 1264 3808 habent
1287 3754 1344 3806 cod.

189 3845 257 3898 Leid
283 3844 307 3896 2.
326 3843 343 3896 3
360 3857 375 3895 6
392 3841 540 3906 Ρ6666767)

258 3930 280 3994 4)
298 3927 459 3980 Malorum
478 3925 662 3994 disciplina
678 3926 778 3978 milites
796 3926 920 3979 laborare
938 3925 1070 3991 coegisset
1087 3921 1129 3990 (cf,
1139 3923 1200 3980 Val.
1210 3923 1282 3980 Max.
1292 3922 1310 3979 1.
1320 3939 1345 3976 c·

190 4013 224 4066 ad
242 4012 419 4065 revocandam
437 4010 599 4077 pristinae
622 4011 834 4078 disciplinam
857 4010 970 4062 militiae
989 4007 1114 4060 connisus
1137 4012 1191 4076 est3
1211 4006 1288 4061 Futr.
1312 4007 1347 4060 ad

191 4096 405 4164 disciplinam
421 4095 599 4148 Romanam
616 4094 734 4162 reduxit)
746 4137 751 4147 .
763 4134 786 4149 ..
810 4094 974 4163 (Metellum)
985 4096 1061 4144 tanta
1078 4091 1257 4158 temperantia
1276 4090 1348 4144 inter

190 4181 363 4234 ambitionem
390 4179 583 4247 saevitiamque
609 4179 827 4237 modestum...
854 4179 894 4231 ite
919 4175 1088 4245 prohibendo
1111 4191 1128 4229 a
1150 4175 1258 4228 delictis
1280 4190 1347 4228 ma·

192 4267 242 4333 gis
261 4281 358 4333 quam⁴
372 4264 538 4332 puniendo
556 4263 698 4332 (simillime
715 4262 790 4316 Eutr.
809 4255 895 4316 altero
913 4262 971 4314 loco
990 4276 1012 4314 c.
1024 4260 1055 4314 17
1074 4261 1226 4314 exercendo
1243 4257 1347 4325 magis

192 4365 287 4420 quam
304 4349 494 4419 puniendo).
1182 4419 1198 4472 6
