3038 4964
676 423 837 488 ,86-

183 611 321 693 Itsque')
344 608 393 674 vir
410 609 587 676 Periocham
609 609 641 673 et
656 607 798 673 Orosium
825 606 972 674 livianum
997 607 1203 672 narrationem
1223 625 1336 691 puram

183 729 324 776 servasse
346 708 489 775 credibile
513 710 561 773 eat
581 708 743 791 potiusque
765 726 818 772 eos
840 706 958 789 aliquid
980 705 1153 772 confudisse
1175 708 1211 772 ut
1232 707 1336 773 crede·

185 828 250 874 rem
283 809 352 874 aliis
375 808 572 892 scriptoribus
605 806 789 890 eomparaIIs
814 806 955 871 adducor.
1000 806 1103 895 Etiam
1129 824 1174 885 ea,
1202 824 1279 891 quae
1302 806 1335 872 in

183 909 329 974 Periocha
358 910 396 976 ab
424 907 564 992 Eutropii
592 908 765 973 narratione
791 907 910 972 diversa
936 905 973 971 de
1004 905 1151 971 Bituito
1178 907 1334 973 Romam

183 1008 376 1092 deducto’)
398 1010 578 1088 referuntur,
601 1028 661 1074 uon
684 1007 787 1091 magni
808 1007 956 1072 momenti
977 1025 1044 1071 esse
1067 1005 1248 1090 uidentur³).

268 1172 397 1257 Saepius
414 1175 444 1239 in
467 1175 675 1260 superioribus
690 1174 727 1240 de
743 1173 931 1240 Suetonio
952 1172 1093 1257 Eutropii
1107 1172 1178 1238 inde
1193 1192 1212 1238 a
1227 1173 1299 1238 VII.
1313 1173 1334 1237 8

185 1272 269 1338 fonte
291 1275 504 1340 tractavimus:
534 1295 594 1341 non
620 1277 724 1339 autern
745 1273 868 1339 silentio
888 1273 1142 1356 praetereundum
1163 1276 1219 1352 est,
1240 1272 1273 1337 in
1294 1272 1335 1337 iis

143 1363 147 1369 ’
184 1392 302 1456 quoque
323 1376 448 1458 Eutrop.
470 1375 618 1458 partibus,
647 1392 725 1457 quae
750 1373 849 1438 adhue
875 1373 938 1439 sive
960 1391 996 1438 er
1017 1372 1104 1438 Livio
1127 1372 1191 1438 sive
1213 1391 1249 1438 ex
1271 1372 1334 1438 alio

183 1473 315 1554 quodam
335 1475 517 1540 annahstico
539 1475 623 1540 fonte
637 1474 801 1551 fluxerunt,
824 1474 975 1558 quaedam
991 1493 1007 1538 e
1022 1471 1166 1538 Suetonio
1188 1473 1335 1556 adspersa

182 1590 261 1638 esse:
284 1574 430 1641 nimirum
450 1577 575 1658 Eutrop.
598 1574 692 1640 libri
714 1575 815 1639 serti
836 1574 1006 1639 derebus
1028 1572 1093 1638 aC.
1117 1573 1216 1638 Iulio
1239 1570 1334 1638 Cae·

182 1691 267 1737 sare
288 1673 326 1738 iu
348 1675 476 1741 Gallia
497 1677 622 1758 gestis
644 1676 736 1757 caput
756 1692 853 1756 paene
875 1674 975 1738 totum
992 1673 1030 1737 17
1053 1691 1088 1737 er
1110 1671 1234 1739 Sueton.
1257 1673 1332 1755 (Iul.

182 1791 206 1836 c.
231 1772 280 1838 22.
303 1773 352 1839 29.
381 1776 436 1857 25)
462 1776 626 1858 repetitum
649 1777 697 1839 est
724 1773 761 1838 cf.
788 1774 874 1838 Butr.
905 1772 955 1840 VI.
991 1773 1031 1837 22
1057 1773 1123 1838 init.
1151 1792 1221 1839 oum
1248 1772 1334 1840 Suet.

182 1872 242 1936 Iul.
267 1892 291 1936 e.
322 1874 364 1936 35
386 1876 417 1938 et
438 1875 505 1941 VH.
533 1877 554 1939 b
587 1894 658 1940 curn
691 1872 830 1940 Suetonii
857 1871 1059 1956 fragmento
1091 1873 1171 1956 apud
1194 1872 1332 1940 Gellium

182 1971 219 2037 N.
247 1972 284 2036 A.
315 1973 380 2038 XV.
410 1975 440 2052 4,
461 1975 513 2056 4³)
540 1975 582 2040 de
615 1973 788 2039 Ventidii
810 1972 919 2038 Bassi
945 1973 1054 2037 rebus
1086 1974 1219 2055 gestis,
1254 1992 1333 2056 quas

181 2072 281 2137 Rufus
303 2091 328 2136 e.
344 2073 382 2138 18
405 2073 504 2139 multo
526 2074 645 2157 plenius
666 2073 889 2156 Periochaeque
902 2072 1150 2140 LiviiOIIXVII.
1165 2075 1333 2142 CXXVIII

180 2172 373 2255 propioribus
395 2174 497 2240 verbis
518 2177 631 2241 namot.
870 2175 872 2178 ’

249 2356 270 2425 ¹)
287 2356 351 2415 Vid.
369 2372 438 2425 quae
456 2357 489 2412 de
507 2372 570 2412 uero
588 2358 682 2412 harum
700 2373 791 2412 rerum
809 2349 902 2410 ordine
920 2356 1071 2410 Mommsen
1088 2370 1111 2413 r.
1132 2355 1164 2409 G.
1177 2355 1213 2414 II.
1232 2356 1334 2419 reo-6

180 2439 300 2505 protulit.

248 2523 270 2592 ²)
288 2525 313 2577 A
331 2524 449 2579 Domitio
472 2525 586 2579 Romam
608 2524 718 2578 missum
736 2523 813 2582 Butr.
837 2523 917 2578 etIam
934 2521 994 2581 Vol.
1012 2522 1086 2576 hIax.
1107 2523 1155 2581 IX.
1173 2523 1201 2590 b,
1224 2522 1240 2576 3
1262 2522 1307 2576 rei
1322 2553 1333 2566 -

180 2611 253 2676 runt,
270 2607 403 2662 PerIocha
420 2608 525 2677 ipsum
542 2608 682 2677 Bituitum,
699 2617 841 2678 postquam
860 2624 876 2661 a
893 2607 995 2662 Fabio
1012 2608 1099 2661 victus
1117 2607 1161 2676 sit,
1178 2606 1218 2660 ad
1234 2607 1333 2661 satis-

180 2689 367 2745 IacIendum
386 2691 499 2746 Romam
517 2691 666 2761 profectum
684 2707 745 2746 esse
762 2692 875 2746 iunuere
892 2691 1004 2745 ridetur.

248 2775 270 2842 Ι)
288 2775 362 2840 Quae
380 2775 494 2844 Eutrop.
513 2791 571 2845 cap.
588 2773 632 2828 fin.
652 2776 764 2844 adimit,
791 2775 900 2829 ambos
923 2790 990 2830 coss.
1014 2774 1208 2843 triumphasse,
1234 2772 1331 2828 melius

180 2857 214 2910 ad
236 2857 335 2912 Fabii
357 2859 561 2927 Domitiique
584 2875 607 2912 a.
631 2859 683 2912 634
700 2874 780 2927 quam
802 2859 836 2914 ad
854 2859 991 2914 Domitii
1017 2873 1041 2912 a.
1059 2858 1109 2913 634
1131 2863 1158 2912 et
1176 2858 1284 2912 Sextii
1306 2873 1331 2911 a.

180 2941 230 2995 632
248 2942 399 3010 triumphos
416 2940 511 2996 referri
529 2949 654 3011 possunt:
672 2942 700 3000 C.
719 2943 826 2997 Cassius
843 2942 982 3019 LongInus
1005 2942 1038 2998 ah
1056 2941 1134 3001 Butr.
1153 2957 1211 3010 cap.
1229 2941 1266 3000 in.
1283 2957 1331 2996 no·

180 3024 297 3078 minatus
316 3023 423 3079 omnino
440 3041 494 3080 non
511 3026 694 3096 triumphavit.

247 3108 268 3179 ⁴)
285 3108 329 3163 Ex
349 3107 426 3163 libris
455 3107 521 3187 περὶ
550 3103 661 3188 Ρώμης
686 3107 736 3168 καὶ
758 3111 818 3170 τῶν
843 3107 874 3169 ἓν
898 3103 974 3191 ἀυτῇ
999 3104 1134 3187 νομίμων
1162 3106 1212 3167 καὶ
1243 3102 1332 3187 ἠθῶν

180 3200 279 3271 (Suid.)
297 3201 442 3256 secundum
460 3202 596 3262 Rothiurn.

249 3289 269 3354 ⁵)
287 3286 402 3342 Bassum
420 3287 563 3342 Suetonius
581 3288 754 3357 Tranquillus
771 3287 955 3358 praepositum
973 3301 1033 3342 esse
1051 3301 1068 3341 a
1084 3286 1122 3346 M.
1132 3286 1250 3342 Antonio
1264 3303 1330 3356 >pro-

179 3372 274 3427 riutiis
292 3371 467 3427 orientalibus
485 3371 693 3442 Parthosque
712 3372 838 3441 Syriam
859 3371 1136 3442 introrumpentis
1158 3371 1265 3426 trihus
1290 3371 1329 3425 ah

180 3471 217 3510 eo
238 3456 380 3526 proeliis
402 3456 494 3511 fusos
516 3456 624 3525 scribit,
647 3471 783 3525 eumque
806 3456 941 3526 prImum
963 3455 1100 3510 omnium
1127 3455 1165 3510 de
1193 3455 1329 3509 Parthis

180 3540 404 3610 triumphasse
423 3545 451 3594 et
467 3545 554 3595 morte
572 3540 646 3595 obita
662 3540 771 3610 publico
790 3539 882 3595 iuuere
900 3540 1033 3609 sepultum
1051 3554 1118 3594 esse.
