3038 4964
666 456 834 520 ..30-

262 642 339 707 Cum
365 645 420 709 lll.
443 645 464 706 2
486 644 611 723 llutrop.
633 641 793 705 consulum
815 641 885 705 anni
908 639 970 703 517
986 639 1110 722 quidem
1132 641 1257 704 nomina
1280 660 1334 704 ex-

180 743 291 819 hibeat,
314 745 367 807 sed
390 763 466 826 ‹pme
489 744 545 807 sub
568 743 624 805 lroc
646 760 725 805 arrno
748 743 858 816 narrat,
881 741 919 803 ab
943 738 1012 803 aliis
1035 740 1264 824 scriptoribus¹l
1294 741 1335 806 ad

178 861 290 906 armum
303 843 365 905 518
389 844 563 918 referantur,
586 841 638 923 qni
661 859 758 903 arrnus
781 859 851 904 ‹enm
870 840 1067 922 praecedente
1089 839 1234 904 facillime
1258 860 1334 906 con-

181 945 264 1008 lundi
292 945 436 1027 potuit2),
465 946 558 1010 etiam
585 963 661 1026 (puae
696 944 779 1006 llutr.
808 963 831 1008 e.
866 945 880 1004 l
909 941 1052 1006 eisdem
1080 942 1334 1025 oonsulibns³)

181 1046 260 1108 laeta
291 1065 357 1109 esse
388 1056 503 1121 narrat,
531 1046 695 1109 Hieronem
723 1043 852 1106 Romam
881 1043 924 1106 ad
956 1042 1068 1108 ludos
1102 1043 1334 1124 spectandos

181 1145 311 1221 venisse,
335 1145 540 1209 rerisirniliter
563 1146 594 1208 in
621 1132 759 1207 ounlnn'
777 1143 890 1206 cadunt
917 1163 1030 1206 annum
1051 1144 1128 1207 518:
1159 1161 1333 1223 quaecum

180 1245 221 1309 ita
244 1245 319 1323 sint,
346 1246 516 1310 consentire
543 1246 663 1310 ridetur
687 1245 769 1308 llutr.
798 1244 827 1307 in
855 1262 932 1306 arrrro
960 1243 1130 1307 ludorum
1158 1243 1331 1309 definiendo

179 1366 247 1408 cnm
271 1347 551 1410 commentariis
579 1345 635 1410 XV
659 1344 821 1408 virorum
848 1362 866 1406 a
889 1342 1053 1406 Censorino
1076 1343 1113 1407 de
1136 1343 1164 1408 d.
1188 1364 1217 1410 n.
1241 1363 1266 1409 c.
1292 1343 1331 1406 17

180 1446 312 1510 laudatis
334 1447 409 1511 item
432 1467 502 1511 cnm
524 1445 626 1510 Fastis
650 1442 840 1525 Capitolinis,
864 1442 915 1525 qui
940 1443 1000 1508 lroc
1021 1462 1099 1507 anno
1122 1442 1232 1507 ludos
1255 1462 1332 1508 sae-

179 1546 325 1623 culares
350 1547 442 1611 luisse
465 1547 706 1628 tradidernnt⁴);
729 1544 852 1608 fluxisse
873 1545 952 1606 hanc
975 1543 1181 1607 definitionem
1204 1562 1240 1606 ex
1263 1563 1333 1608 sae-

179 1647 240 1709 enli
263 1651 410 1711 eentum
437 1651 473 1711 ot
499 1629 626 1710 decom
652 1663 800 1708 annorum
822 1635 1058 1727 computatione,
1081 1662 1158 1724 quae
1179 1644 1331 1726 tempori-

180 1748 235 1809 50(
263 1747 396 1829 Augusti
429 1747 604 1811 innotuerat
632 1743 852 1810 llornmsenius
884 1745 905 1812 l.
934 1763 958 1809 c.
986 1743 1139 1827 probavit:
1174 1745 1333 1827 superiore

180 1850 314 1927 tempore
337 1847 457 1910 saecula
479 1849 621 1910 centum
645 1848 766 1910 tantum
787 1864 935 1909 annorum
957 1844 1222 1926 computabantur,
1245 1844 1330 1909 inde-

179 1966 237 2027 que
254 1946 392 2009 l'alerius
407 1947 517 2010 Antias
541 1968 595 2011 nee
616 1945 831 2028 0001111101)
854 1945 942 2009 ludos
964 1937 1020 2010 Iros
1043 1945 1212 2008 saeculares
1228 1945 1332 2010 (1505

179 2046 271 2109 tuisse
300 2047 498 2111 tradiderunt.
547 2046 660 2129 Negari
686 2049 789 2115 tamen
818 2065 879 2110 non
906 2046 1020 2127 potest,
1054 2045 1182 2108 fortasse
1208 2044 1332 2110 Livium

179 2146 235 2209 sub
258 2167 283 2210 a.
309 2147 374 2209 518
397 2147 486 2210 ludos
508 2147 651 2229 aliquos
674 2147 844 2223 adnotasse,
867 2146 905 2210 ad
928 2165 1003 2228 quos
1029 2145 1122 2209 Hiero
1146 2146 1331 2226 spectandos

180 2249 308 2311 llornam
331 2247 486 2328 verre1·it⁶)‚
513 2248 647 2328 haecque
676 2247 713 2310 ab
736 2246 882 2328 Ilntropio
908 2247 928 2309 l.
952 2265 976 2312 c.
998 2245 1102 2328 repeti,
1132 2245 1203 2308 illos
1225 2247 1330 2309 autem

181 2349 329 2430 :targustei
353 2348 420 2412 aevi
443 2349 668 2429 computatores
690 2347 746 2411 Iros
767 2347 856 2410 ludos
883 2346 1093 2412 saeculares
1116 2345 1211 2409 fuisse
1234 2345 1330 2409 ratle-

181 2448 298 2512 cinaies
321 2467 394 2513 esse.
676 2505 678 2511 .
850 2503 852 2507 .

264 2548 319 2614 111.
341 2549 375 2611 5:
402 2547 552 2612 Fabium
580 2549 664 2611 llutr.
689 2548 794 2611 laridat
821 2548 985 2628 eademqne
1019 2546 1175 2612 occasione
1203 2547 1330 2612 Orosius

96 2699 98 2703 .
182 2651 231 2714 17,
257 2649 293 2711 3;
315 2648 347 2711 in
370 2649 515 2712 Periocha
536 2667 656 2730 quoque
680 2651 739 2713 XX
762 2668 867 2713 vocem
888 2648 1041 2713 Fabium
1064 2648 1212 2713 excidisse
1234 2649 1330 2712 conii-

180 2980 294 3034 cnndum
312 2982 379 3036 Plin.
398 2983 497 3037 XVIII.
515 2984 548 3036 29
566 2983 582 3052 ξ
600 2984 658 3053 286)
685 2983 846 3038 coniunctis:
866 2984 913 3037 sed
931 2983 1001 3037 male
1019 2982 1183 3036 coloniarum
1202 2982 1328 3037 deducta·

179 3081 239 3118 rum
261 3067 389 3134 temporis
411 3065 580 3123 definitiones
601 3068 744 3122 fluctuant:
769 3082 791 3121 e.
814 3084 853 3136 gr.
871 3070 1053 3135 Fregenarum
1070 3067 1259 3136 Brundisinue
1284 3066 1327 3122 de·

180 3150 318 3205 ductiones
340 3168 394 3205 non
416 3153 443 3205 in
466 3154 543 3206 annis
565 3155 615 3208 505
638 3155 736 3209 01510
758 3154 827 3206 sicut
847 3153 941 3207 Vellei.
969 3152 1017 3206 sed
1039 3153 1066 3206 in
1088 3168 1158 3206 anno
1182 3153 1231 3208 507
1254 3157 1326 3220 (ante

179 3236 292 3290 lustrum
310 3237 361 3290 hoc
379 3254 449 3292 auno
468 3238 612 3306 conditum)
629 3239 705 3308 ponit
722 3239 782 3291 Per.

249 3324 266 3392 ¹)
284 3323 381 3380 Zonar.
399 3340 424 3392 p.
443 3323 494 3377 400
512 3323 531 3376 C
549 3328 577 3377 et
594 3324 671 3378 Fasti
694 3323 740 3391 qui
757 3322 808 3375 hoc
827 3337 896 3375 anno
919 3321 1117 3389 triumphum
1140 3323 1177 3376 dc
1195 3322 1328 3388 Liguri-

181 3408 240 3461 bus
267 3413 377 3477 notant;
405 3423 475 3460 anno
503 3413 592 3460 autem
618 3407 668 3460 517
695 3407 787 3460 ambos
814 3421 881 3459 coss.
910 3410 1026 3458 contra
1052 3407 1166 3461 Gallos
1193 3421 1328 3474 pugnasse

179 3492 276 3545 Zonar.
299 3497 326 3560 p.
342 3492 394 3545 400
411 3492 475 3545 AB
498 3492 544 3560 (cl.
558 3491 654 3560 Polyb.
672 3491 706 3543 Π.
725 3490 767 3559 21)
788 3490 880 3558 refert,
899 3489 945 3558 qui
967 3489 1039 3544 solus
1061 3489 1207 3558 quidquam
1225 3490 1328 3545 dehoc

140 3610 142 3614 -
180 3593 251 3631 anno
270 3577 415 3631 adnotavit.

246 3663 269 3730 ¹²)
286 3663 318 3714 A.
342 3661 392 3715 517
414 3660 444 3714 Ρ.
467 3660 606 3716 Cornelius
629 3661 772 3727 Lentulus,
790 3674 814 3712 a.
833 3659 883 3713 518
904 3658 935 3710 L.
954 3649 1092 3711 Cornelius
1109 3657 1240 3711 Lentulus
1260 3673 1327 3716 coss.

179 3746 294 3800 fuerunt.

246 3832 265 3901 3)
283 3831 344 3885 Vid.
363 3844 384 3882 c.
402 3828 419 3881 2
436 3829 506 3886 init:
525 3829 697 3899 (consulibus)
716 3828 831 3896 quibus
849 3827 950 3881 Hiero
968 3825 1098 3879 Romam
1116 3831 1260 3883 venerat.

247 3917 267 3983 ⁴)
285 3914 346 3970 Vid.
365 3914 514 3967 Mommsen
533 3931 553 3965 r.
573 3913 633 3966 Chr.
652 3929 677 3981 p.
699 3914 746 3967 185
763 3930 788 3965 n.
807 3912 864 3966 363.

247 4001 266 4067 5)
283 3999 364 4067 Apud
383 3997 554 4051 Consonat
574 4013 608 4065 e.;
633 3997 665 4051 de
683 3997 760 4050 Livio
779 3996 829 4048 vid.
848 3993 970 4050 Perioeh.
988 3993 1077 4046 XLIX
1095 3995 1236 4061 Augustin.
1256 3995 1283 4048 C.
1294 3997 1328 4054 D.

180 4081 227 4134 III.
247 4083 278 4135 18
296 4082 329 4135 cf.
347 4083 420 4136 locos
438 4099 455 4135 a
472 4083 638 4135 Mommseno
656 4081 719 4138 ibid.
737 4097 762 4149 p.
783 4080 831 4133 180
848 4095 874 4132 n.
892 4078 943 4131 350
959 4078 993 4135 Η.
1011 4078 1108 4132 Petero
1128 4079 1162 4132 ad
1180 4079 1329 4153 fragmenta

180 4165 240 4219 Val.
257 4165 321 4218 Ant.
340 4167 380 4222 18.
397 4167 438 4220 22.
456 4168 490 4220 55
507 4167 610 4220 allatos.

248 4249 267 4319 6)
286 4249 349 4303 Sine
366 4249 423 4302 ulla
440 4266 521 4304 causa
539 4255 622 4303 totam
641 4249 673 4303 de
692 4249 817 4303 Hieronis
830 4248 951 4302 Romano
968 4247 1065 4300 illnere
1083 4248 1263 4301 narrationem
1282 4249 1327 4302 ad-

181 4333 315 4388 dubitavit
332 4334 491 4387 Osann'do
509 4333 652 4388 Philistide
671 4333 794 4403 Syracus.
812 4333 906 4403 regma
924 4331 1037 4387 Giessen
1055 4331 1121 4385 1825
1137 4348 1163 4400 p.
1183 4331 1222 4384 18.
