3038 4964
696 450 862 516 ..24-

201 626 268 694 1000
291 639 329 703 ab
351 639 435 704 Eutr.
465 638 570 703 addita
596 639 746 704 suntsed
773 638 817 702 ita
845 640 880 701 ut
907 656 998 719 saepo
1020 635 1138 702 numeri
1165 652 1357 720 nequaquam

201 741 256 802 aut
283 739 362 802 inter
394 758 426 802 se
459 741 513 803 aut
544 760 613 804 curn
646 739 760 805 liviana
793 742 966 820 temporum
992 738 1233 819 computatione,
1266 756 1358 818 quam

203 840 385 921 generaliter
407 841 492 904 llutr.
515 839 663 918 adhibuit,
686 840 895 913 convenirent;
918 841 949 902 et
970 838 1069 921 primo
1091 839 1214 920 quidem
1236 838 1303 902 loco
1325 838 1358 900 in

201 959 325 1004 censum
340 940 468 1006 veniunt
490 941 680 1005 definitiones
703 960 778 1023 quas
800 941 887 1004 affert
908 938 1093 1022 temporis
1115 940 1250 1002 Romae
1272 957 1357 1002 con-

201 1039 304 1105 ditae
325 1040 469 1106 liberae
490 1041 544 1105 rei
566 1041 741 1124 publicae
764 1039 969 1104 institutae
998 1039 1155 1122 eiusque
1178 1039 1243 1103 sub
1266 1037 1356 1102 (lae-

200 1158 323 1204 sorum
356 1140 659 1205 dominationem
689 1141 885 1205 redactae:
919 1159 1048 1222 quarum
1080 1139 1218 1223 singulas
1251 1139 1354 1221 perlu-

202 1243 352 1305 strumus:

289 1342 320 1423 1)
343 1343 611 1424 Romomliutrop.
626 1343 649 1409 Ι,
668 1343 682 1404 1
707 1342 945 1425 Olympiadis
967 1343 1095 1407 sextae
1117 1360 1213 1406 anno
1235 1340 1356 1405 tertio

204 1442 359 1506 conditam
383 1461 449 1506 esse
471 1442 578 1507 refert:
612 1445 710 1525 quam
726 1442 933 1508 definitionem
953 1462 972 1506 a
993 1442 1161 1524 Pomponio
1184 1442 1288 1506 Attico
1311 1442 1356 1524 (in

199 1542 278 1608 libro
301 1542 353 1624 qui
381 1543 536 1606 annalis
562 1543 728 1625 inscriptos
756 1547 834 1624 erat)
862 1542 1018 1607 inventam
1039 1545 1145 1624 postea
1171 1562 1189 1606 a
1211 1541 1355 1607 Cicerone

202 1642 339 1709 Varrone
354 1642 423 1707 aliis
439 1641 608 1707 adhibitam
632 1662 698 1707 esse
720 1643 887 1725 constat¹):
909 1642 1011 1724 itaque
1034 1643 1112 1726 apud
1135 1642 1355 1724 imperatorum

205 1743 272 1808 aevi
294 1742 457 1825 scriptores
478 1743 776 1825 pervulgataerat2),
799 1742 852 1825 qui
865 1744 1010 1808 Varronis
1032 1742 1227 1826 potissimum
1249 1744 1355 1830 aucto·

200 1845 292 1910 ritate
313 1846 349 1908 ut
376 1863 443 1908 eam
467 1843 633 1926 reciperent
654 1844 779 1908 adducti
806 1863 871 1907 esse
893 1844 1077 1925 ridentur').
1100 1881 1142 1890 —
1164 1844 1210 1906 De
1232 1842 1293 1906 alia
1314 1843 1354 1907 ab

199 1947 286 2010 Eutr.
309 1944 451 2028 apposito
472 1946 587 2011 Romae
609 1943 748 2008 conditae
774 1944 922 2026 temporis
949 1943 1124 2008 definitione
1151 1943 1236 2026 (ibid.
1263 1944 1355 2024 post

199 2045 332 2111 Troiae
362 2045 548 2110 excidium
575 2048 617 2110 ut
644 2045 708 2128 qui
740 2044 942 2127 plurimum
974 2045 1248 2125 minimumque
1276 2045 1353 2106 tra-

199 2148 290 2211 dunt
316 2164 410 2210 anno
438 2147 713 2211 trecentesimo
740 2146 991 2228 nonogesimo
1020 2146 1179 2228 quarto)
1205 2143 1284 2207 nihil
1305 2144 1353 2207 est

199 2247 280 2329 quod
303 2247 414 2311 addam
436 2266 506 2310 cum
532 2247 611 2310 nulli
640 2266 716 2330 quae
742 2245 829 2311 nobis
857 2249 977 2313 serrata
1004 2249 1052 2311 est
1079 2244 1188 2328 aliae⁴)
1216 2243 1353 2307 eiusdem

200 2346 244 2411 rei
271 2347 440 2411 definitioni
472 2347 630 2412 conciliari
661 2345 773 2430 possit:
807 2347 867 2412 vid.
896 2366 972 2429 quae
1001 2347 1037 2410 de
1067 2364 1102 2410 ea
1131 2344 1352 2426 Niebuhrius⁵)

200 2447 345 2512 dissemit
368 2449 388 2530 ).

282 2548 315 2632 2)
338 2550 461 2632 Reges
483 2550 623 2614 Romae
649 2568 713 2630 per
740 2567 857 2613 annos
886 2548 1071 2613 ducentos
1099 2545 1352 2629 quadraginta

197 2651 276 2713 tres
307 2668 490 2733 regnasse
518 2651 634 2731 Eutrop
664 2651 688 2714 Ι.
722 2648 742 2712 8
774 2649 881 2713 refert:
916 2669 1008 2730 quam
1037 2647 1244 2712 definitionem
1274 2645 1350 2710 sert‘

199 2750 312 2815 saeculi
335 2750 393 2814 fine
416 2751 464 2815 vel
486 2749 610 2832 septimi
632 2748 733 2828 initio,
760 2749 913 2814 tralaticio
936 2769 1061 2814 numero
1083 2748 1171 2831 (240)
1194 2767 1229 2812 er
1251 2745 1351 2811 causis

196 2868 258 2915 non
285 2870 357 2915 sane
386 2850 556 2933 perspicuis
585 2851 674 2914 aucto
702 2853 801 2915 ortam
828 2869 894 2915 esse
916 2850 1169 2931 Mommsenius⁷)
1196 2845 1350 2931 probavit:

196 2951 269 3015 huic
302 2970 427 3015 numero
462 2950 617 3033 sequentis
650 2951 766 3016 saeculi
796 2951 895 3016 octavi
923 2951 1086 3033 scriptores
1114 2969 1210 3014 unum
1237 2967 1351 3012 annum

175 3049 392 3130 addiderunt,
420 3051 593 3134 interregno
623 3051 741 3116 scilicet
766 3053 879 3136 primo,
908 3070 1094 3134 quamquam
1114 3050 1177 3113 iam
1197 3050 1230 3113 in
1250 3047 1351 3130 priore

198 3171 325 3217 numero
347 3152 437 3236 (243)
460 3154 672 3235 computatum
695 3172 762 3218 esse
784 3153 911 3234 videtur,
932 3152 991 3217 toti
1013 3169 1138 3216 numero
1162 3148 1265 3214 addito
1288 3148 1351 3211 244

198 3273 346 3318 annorum
368 3274 521 3319 summam
543 3254 715 3332 effecerunt,
738 3273 830 3335 quam
852 3254 959 3320 Livius
981 3271 1100 3336 quoque
1123 3253 1159 3336 (l.
1183 3249 1237 3328 60,
1259 3249 1292 3332 3)
1318 3247 1350 3311 in

197 3354 401 3420 narrationem
428 3374 515 3420 suam
541 3355 667 3438 recepit:
695 3355 881 3438 posteriores
908 3356 1012 3419 tamen
1040 3353 1258 3434 imperatorum
1283 3347 1349 3415 aevi

264 3558 285 3626 ¹)
302 3556 364 3611 Vid.
377 3557 528 3610 Mommsen
545 3571 567 3613 r.
579 3555 641 3612 Chr.
659 3571 685 3623 p.
695 3555 843 3624 145-148;
861 3554 925 3608 ibid.
935 3570 961 3622 p.
974 3553 1025 3607 144
1039 3553 1072 3607 de
1089 3552 1194 3606 ratione
1212 3567 1266 3619 qua
1277 3550 1348 3605 Atti-

198 3656 245 3695 cus
263 3640 396 3695 adductus
414 3642 449 3695 sit
465 3647 496 3694 ut
513 3656 571 3694 eom
590 3645 729 3693 statueret.

264 3727 286 3794 ²)
304 3725 371 3783 Ibid.
389 3742 415 3794 p.
429 3725 479 3778 148
496 3741 523 3782 n.
536 3725 594 3778 280.

262 3811 284 3878 3)
303 3810 362 3865 rid.
382 3825 449 3878 quos
467 3809 616 3862 Mommsen
633 3826 659 3867 n.
678 3809 727 3863 279
746 3815 896 3878 percenset.

261 3896 284 3963 ⁴)
300 3895 362 3948 Vid.
380 3894 530 3948 Mommsen
547 3909 569 3950 r.
588 3893 650 3948 Chr.
669 3911 694 3963 p.
714 3893 763 3948 155
780 3910 806 3947 n.
823 3894 881 3947 294.
902 3891 1054 3960 Schwegler
1071 3908 1092 3948 r.
1105 3891 1201 3946 Gesch.
1215 3891 1235 3943 I.
1254 3907 1279 3960 p.
1298 3889 1349 3944 344

198 3995 224 4032 n.
241 3980 259 4032 4
276 3995 314 4047 sq.

263 4065 284 4132 5)
302 4064 379 4120 Rom.
398 4064 495 4122 Geseh,
513 4064 533 4116 Ι.
552 4080 578 4132 p.
596 4062 646 4117 301
665 4063 745 4131 (154).

262 4150 284 4217 ⁶)
301 4148 343 4201 De
362 4149 460 4202 aetatis
477 4149 585 4202 Romuli
603 4152 684 4214 atque
707 4146 761 4201 diei
779 4161 833 4214 qua
850 4147 937 4201 Roma
955 4146 1063 4200 condita
1080 4151 1122 4199 est
1141 4143 1346 4199 definitionibus

195 4232 249 4287 vid.
268 4248 326 4301 cap.
345 4248 419 4300 sequ.
438 4234 453 4302 ξ
471 4233 495 4286 1.

263 4319 285 4389 7)
303 4318 335 4372 R.
355 4317 416 4372 Chr.
435 4333 460 4387 p.
479 4317 586 4376 ror-2.
