3038 4964
648 415 814 479 ..91-

48 649 51 652 -
159 599 289 667 lacinias
310 600 522 685 undecumque
537 600 764 684 comparantem
778 599 899 682 praeter
914 598 1081 666 Iohannem
1096 599 1129 664 in
1138 599 1307 666 Paeonium

160 700 313 781 inuidisse,
329 701 384 784 qui
404 700 553 766 brevitate
575 721 608 766 se
631 698 862 767 commendabat
883 701 973 782 atque
994 698 1060 782 ipse
1083 697 1219 765 cadentis
1241 697 1309 766 aevi

159 800 350 884 temporibus
372 800 505 865 multum
526 800 684 867 lectitatus
701 818 767 866 esse
784 799 949 882 vinetore:
972 818 1033 864 nou
1044 818 1080 864 ex
1095 799 1161 883 ipso
1174 799 1308 867 Iohanne

160 919 215 965 sua
230 900 400 965 Plauudem
414 899 555 965 hausisse
572 901 666 966 etiam
684 919 720 965 ea
733 899 946 966 demonstrant
960 902 1119 964 auctorum
1136 899 1251 983 (Livii
1272 900 1308 964 et

161 999 328 1084 Diodori)
363 1000 488 1066 nomina
525 1000 664 1084 quaein
694 1000 793 1084 eapite
821 999 985 1084 fragmenti
1010 999 1051 1064 68
1078 1018 1115 1065 ox
1141 998 1306 1065 Plutarcho

159 1099 262 1165 hausti
271 1101 296 1182 ²)
318 1099 495 1184 adscripsit:
511 1100 661 1166 inferioris
675 1099 842 1183 Byzantini
863 1099 1011 1183 temporis
1033 1099 1213 1183 scriptoram
1232 1099 1308 1166 haee

159 1200 292 1282 produnt
322 1198 530 1283 rationemque
563 1200 596 1264 in
627 1199 808 1266 memoriam
836 1199 995 1276 reducunt,
1018 1218 1079 1282 qua
1094 1201 1222 1266 Tnetzes
1237 1199 1308 1266 vul·

158 1301 302 1383 gatorum
325 1299 533 1383 quorumlibet
553 1300 738 1383 scriptorum
763 1299 888 1365 nomine
908 1300 1066 1384 proprium
1087 1301 1126 1364 ad
1147 1298 1307 1366 arbitrium

160 1399 308 1482 excerptis
330 1388 395 1464 suis
415 1417 599 1484 praeponere
621 1401 700 1466 solet
718 1401 738 1484 ).

227 1566 245 1635 ¹)
262 1565 363 1620 Lectus
382 1578 442 1620 erse
459 1563 566 1620 videtur
582 1565 682 1622 Paean.
701 1581 718 1621 a
739 1565 908 1635 Stephano
926 1565 990 1635 (vid.
1013 1581 1036 1620 v.
1054 1558 1231 1643 Καρχηδών
1259 1565 1307 1622 uhi

158 1647 235 1702 Eutr.
252 1648 347 1703 laudat
373 1647 406 1707 cf.
424 1647 579 1718 Interprett
598 1650 634 1705 ad
650 1649 728 1709 Eutr.
745 1649 793 1708 VI.
811 1650 838 1719 6)
860 1649 986 1705 laudatur
1008 1649 1042 1704 ab
1065 1648 1218 1718 Epiphanio
1240 1650 1257 1703 l.
1281 1667 1307 1721 p.

158 1746 246 1802 super.
259 1732 314 1787 uh
332 1732 415 1786 citato
430 1731 549 1786 tortasse
567 1733 648 1788 etium
666 1748 683 1788 a
701 1733 783 1787 Suida
800 1748 824 1786 u.
836 1729 1006 1810 Παιανίαςς
1030 1733 1086 1788 eius
1110 1731 1226 1802 denique
1247 1749 1306 1788 uer·

159 1814 233 1870 sione
251 1830 315 1869 usus
334 1820 448 1870 estcum
467 1815 579 1886 Eutrop.
600 1816 644 1886 (X.
664 1817 689 1871 h.
711 1817 734 1871 7.
756 1816 781 1886 1)
800 1817 897 1871 citaret
917 1815 1046 1871 Planudis
1068 1814 1188 1885 aequalis
1209 1816 1306 1872 Nice·

158 1897 282 1967 phorus
301 1898 436 1967 Gregoras
454 1899 483 1969 (t.
500 1915 526 1968 p.
545 1899 561 1953 7
578 1916 604 1957 u.
622 1900 638 1954 6
655 1899 743 1971 lauh).

227 1982 247 2052 ²)
264 1981 325 2037 viu.
342 1981 547 2038 Mommseuium
564 1984 592 2038 iu
611 1984 710 2039 Herma
733 1985 778 2038 Vi.
797 2001 823 2054 p.
841 1985 875 2038 82
897 2000 936 2054 sq.
958 1983 992 2054 (p.
1011 1984 1056 2054 88)
1078 1985 1124 2053 qui
1146 1983 1255 2039 uberius
1273 1984 1307 2040 de

157 2065 283 2121 Pluuude·
296 2067 429 2121 tractauit.

224 2149 243 2220 ³)
261 2150 322 2205 viu.
346 2165 368 2203 e.
386 2149 430 2218 'gu
449 2149 561 2205 Chiliad.
584 2151 606 2210 1.
623 2151 657 2205 27
680 2145 722 2222 ὡς
741 2145 903 2229 Διόδωρος
926 2144 1036 2232 γράφει
1061 2150 1111 2209 καὶ
1131 2149 1217 2210 Δίων
1241 2143 1307 2229 ἅμα

157 2229 212 2292 σὸν
232 2225 350 2304 τούτοις
369 2226 533 2304 Διονύσιος
559 2227 878 2313 ὃἉλικαριάσσόθεν,
899 2249 1011 2303 quonum
1029 2232 1138 2288 ultimus
1156 2234 1307 2304 planetes,

158 2330 224 2384 quas
243 2314 357 2370 Tuetzes
374 2320 476 2385 namet,
493 2331 548 2372 nou
565 2317 662 2386 attigit.
