3038 4964
697 445 864 509 ,43-

397 626 492 681 Victor
509 641 532 684 c.
549 627 566 680 2
812 625 846 685 ci.
864 641 924 680 cnm
936 626 1120 697 Hieronym.
1137 627 1184 685 lat.
1196 627 1260 685 hist.
1278 626 1311 686 ir.
1334 629 1367 682 18

244 727 339 782 ludos
358 727 539 782 Consualia
556 728 690 781 simulavit
846 726 1015 782 Circensibus
1046 728 1184 784 marnatis
1216 727 1365 783 Consua·

812 810 898 865 libus
916 810 1005 866 ludia

245 877 280 932 ad
289 893 356 947 quos
368 893 427 932 cum
446 878 585 946 utriusque
601 893 681 933 sexus
695 880 761 933 mul·

212 961 299 1015 titudo
316 963 435 1016 venisset

246 1045 310 1099 dato
338 1046 393 1099 suis
422 1047 498 1113 signo
523 1047 638 1115 virgines
667 1051 762 1114 raptae
847 1044 963 1100 Sabinae
996 1051 1092 1113 raptae
1121 1060 1192 1098 anno
1221 1043 1255 1098 ab
1284 1060 1311 1102 u.
1342 1059 1365 1102 c.

212 1132 275 1180 sunt
813 1128 941 1199 tertio)

246 1210 764 1282 exquibuscumunapulchcrrima
848 1217 876 1266 ct
897 1227 959 1267 una
984 1212 1116 1280 virginum
1141 1210 1368 1279 pulcherrima

247 1310 343 1361 magna
374 1298 512 1350 omnium
543 1297 763 1353 admiratione
848 1300 1039 1349 cunctorum
1056 1295 1300 1350 acclamatione
1322 1310 1367 1348 ra·

214 1377 356 1432 duceretur
814 1378 945 1447 pientium

247 1461 370 1524 Talassio
388 1479 447 1517 cam
465 1464 526 1519 duci
543 1481 709 1533 responsum.
849 1462 963 1517 Talasso
979 1463 1087 1516 Romuli
1105 1462 1166 1517 duci
1185 1462 1349 1533 decernitur,

247 1546 321 1612 Quae
347 1548 458 1615 nuptiae
485 1549 549 1616 quia
570 1548 685 1603 feliciter
707 1564 766 1604 ces·

214 1635 307 1683 serunt

248 1713 398 1766 institutum
417 1722 459 1769 est
476 1722 506 1769 ut
523 1715 644 1771 omnibus
661 1716 763 1785 nuptiis
847 1696 918 1751 unde
936 1697 964 1749 1¹¹
981 1697 1134 1765 nuptiarum
1152 1696 1369 1752 ⁸⁰10¹1¹¹¹ii⁸iib¹1⁸

216 1796 333 1850 Talassii
351 1813 448 1853 nomen
465 1800 610 1870 iteretur).
814 1780 927 1834 Tstist³⁸⁰
944 1781 1023 1848 vulgo
1041 1780 1181 1836 Clssmstffii
1199 1781 1271 1849 quod
1294 1780 1367 1834 ⁸⁰ffi·

815 1870 859 1918 cct
880 1864 942 1918 talis
968 1871 1053 1933 nupta
1074 1867 1111 1920 sit
1133 1881 1202 1936 quae
1224 1865 1369 1919 Talassum

815 1946 917 2001 habore
935 1954 1080 2008 mereatur.

248 2031 326 2089 ibid.
348 2033 393 2101 (de
415 2048 494 2101 paca
512 2049 580 2087 cum
598 2034 695 2089 Tatio
716 2033 765 2087 ia·
850 2031 883 2088 cl.
901 2031 1031 2090 llieron.
1049 2032 1096 2090 lat.
1113 2033 1177 2091 hist.
1194 2032 1226 2086 fr.
1245 2033 1287 2091 20.

216 2120 270 2170 cta
287 2120 319 2168 et
336 2117 516 2182 Quiritium
534 2120 675 2187 nomine)

250 2265 325 2324 ibid.
344 2282 402 2335 cap.
419 2268 467 2325 fin.
610 2269 643 2326 cl.
669 2268 756 2324 Hier.
778 2266 795 2323 1.
821 2265 848 2323 h.
874 2265 906 2323 ir.
929 2266 962 2319 23
1064 2271 1091 2320 ot
1109 2265 1288 2333 Chronogr.

234 2350 299 2403 Cum
326 2351 360 2405 ad
383 2353 506 2420 Caprae
532 2370 589 2423 pa·
615 2349 965 2420 Romulusapud.Caprac
1025 2349 1076 2402 Hic
1106 2364 1166 2403 cum
1187 2355 1265 2404 natat
1286 2351 1370 2420 (sici)

217 2433 322 2498 ludam
616 2436 766 2506 paludem
992 2432 1031 2486 ad
1057 2433 1214 2501 paludem
1242 2434 1369 2503 Caprae

234 2519 381 2572 exercitum
398 2520 553 2589 lustrarcti)

217 2605 590 2673 nusquamcomparuit)
642 2618 800 2670 nusquam
837 2617 966 2670 compa·
992 2600 1081 2654 subito
1104 2617 1262 2669 nusquam
1284 2617 1368 2655 com·

617 2685 706 2754 ruit)
992 2685 1133 2755 paruit⁴)

235 2811 452 2828 ......
487 2772 506 2838 ⁵)
637 2777 664 2824 et
681 2769 811 2824 suadente
823 2770 893 2824 lulio
901 2770 967 2823 Pro·

620 2853 680 2908 culo

249 2935 340 2989 Aedes
366 2937 394 2989 in
415 2936 483 2991 colle
505 2937 593 3003 Quiri·

216 3021 272 3076 nali
292 3021 407 3074 Romulo
433 3021 581 3076 constituta

216 3106 275 3174 ipse
292 3121 342 3174 pro
360 3105 410 3159 deo
429 3106 546 3177 cultus)
617 3107 746 3174 Quirini
768 3106 874 3160 nomine
893 3106 964 3175 apud
1037 3105 1064 3157 in
1093 3120 1231 3158 numerum
1257 3105 1368 3159 deorum

251 3194 279 3243 et
295 3189 449 3257 Quirinus
468 3197 518 3245 est
535 3207 590 3261 ap·
628 3181 691 3246 suos
709 3191 954 3262 consecratus)
991 3188 1121 3258 relatus)
1134 3189 1200 3243 deus
1213 3188 1367 3256 Quirinus

216 3273 375 3341 peilatus.
761 3280 819 3330 est.
991 3271 1181 3342 appellatus
1199 3278 1256 3327 est.

263 3477 265 3481 ·
284 3444 305 3514 ¹)
322 3444 478 3512 Legendum
496 3444 611 3498 fortasse
629 3447 747 3512 quarto
760 3448 794 3519 *ut
807 3442 857 3498 Gn.
877 3441 1010 3496 Gellius
1028 3441 1070 3510 (ir.
1081 3442 1110 3493 ll
1129 3440 1211 3494 Peter
1223 3439 1294 3508 apud
1303 3439 1368 3494 Dio·

154 3584 159 3592 ,
216 3543 274 3597 nys.
292 3529 328 3592 11,
346 3528 390 3596 31)
408 3527 502 3582 retulit
520 3528 583 3596 (vid.
601 3528 752 3581 Mommsen
770 3526 838 3593 not.)
968 3548 969 3551 ¹

284 3613 305 3681 2)
323 3611 384 3670 Vid.
404 3612 460 3670 Liv.
478 3611 499 3670 1.
517 3614 541 3681 s,
559 3612 575 3666 6
592 3627 632 3680 sq.
651 3611 696 3679 qui
713 3610 808 3663 ultima
826 3608 983 3663 brevissimc
1001 3609 1027 3676 (ᾖ
1047 3609 1079 3662 12
1095 3608 1169 3662 inda
1187 3607 1368 3676 nuptialem

216 3697 299 3750 hanc
317 3711 427 3750 vocem
444 3695 580 3766 iactam)
598 3696 695 3763 attigit.

284 3782 305 3849 ³)
324 3780 362 3839 Cf.
388 3781 446 3834 Lis.
473 3780 494 3833 1.
519 3780 565 3849 16,
592 3781 607 3833 1
634 3779 668 3833 ad
694 3779 842 3833 exercitum
868 3777 1063 3832 recensendum
1089 3776 1153 3846 (vid.
1175 3776 1367 3844 SchweglerL

216 3864 408 3933 pffinQ
927 3905 930 3910 .

283 3948 306 4015 ⁴)
324 3947 362 4005 Cf.
381 3963 463 4017 supra
478 3965 504 4017 p.
517 3948 616 4006 lant:
633 3947 773 4005 uidEutr.
791 3963 813 4005 c.
830 3947 847 3999 2
866 3951 995 4003 etcum..
1018 3961 1081 4000 non
1099 3945 1367 4014 comparuisset.

217 4029 257 4082 ad
275 4029 352 4084 deos
370 4034 533 4088 transisse
551 4032 701 4107 creditus
720 4037 819 4086 estet
836 4038 1061 4088 consecratus.

285 4115 306 4182 ⁵)
323 4116 440 4171 Victoris
461 4118 582 4171 narratio
603 4116 745 4186 permultis
772 4132 789 4170 a
810 4115 887 4170 Livio
908 4115 1057 4184 discrepat:
1083 4114 1151 4168 nihil
1172 4114 1217 4168 hic
1240 4114 1310 4168 enim
1333 4113 1367 4167 de

217 4197 385 4254 seditione
404 4206 485 4270 orta,
499 4201 532 4254 de
549 4202 621 4255 iura
639 4200 781 4254 iurando
799 4215 816 4254 a
832 4199 977 4254 Proculo
996 4199 1068 4252 dato
1081 4197 1365 4267 (sapientiumde)

166 4307 168 4310 v
217 4282 331 4350 denique
355 4281 387 4335 de
405 4282 541 4336 Romulo
564 4300 580 4336 a
598 4282 737 4336 Proculo
758 4284 789 4337 in
811 4283 895 4337 colle
913 4282 1078 4356 Quirinali
1100 4283 1171 4335 viso
1192 4280 1256 4353 (vid.
1275 4280 1360 4343 Cicer,

216 4367 275 4428 loco
293 4382 353 4443 pag.
371 4381 444 4441 sequ.
463 4367 580 4439 laudato)
598 4367 719 4427 exhibet,
