3038 4964
669 474 837 538 -ῃ,

264 682 291 727 v.
314 661 342 726 2.
372 661 392 724 3
417 661 510 726 refert
541 660 574 724 in
606 678 719 724 annum
745 658 932 740 superiorem
963 656 1076 722 cadunt
1108 657 1171 725 vid.
1201 656 1323 724 Livium
1331 673 1426 725 (01111

182 762 241 840 (ex
268 761 476 844 annalib.¹))
509 761 657 825 XXXIX.
685 759 764 835 15,
798 758 836 821 13
871 757 1085 841 (triumphavit
1123 760 1207 822 anto
1237 756 1332 822 diam
1384 743 1395 762 ’

182 861 360 926 decimum
381 860 461 925 Kal.
484 861 622 924 Ianuar.
645 858 682 922 de
697 857 816 923 Aetolis
839 859 870 922 et
890 857 1114 943 Cephallania):
1138 857 1250 940 quain
1270 856 1332 921 levi

181 980 253 1033 sane
275 960 480 1043 discrepantia
501 960 552 1025 vir
573 959 642 1040 quis
665 957 760 1023 aliam
782 957 819 1022 tle
841 957 932 1024 huius
954 959 1105 1042 triumphi
1124 963 1263 1041 tompore
1285 956 1331 1020 f-

181 1062 295 1144 mam²l
319 1061 452 1142 quaeret.

264 1160 368 1225 Etiam
390 1179 468 1243 quae
491 1160 635 1225 secuntur
1190 1230 1195 1238 ,

264 1280 292 1327 r.
317 1260 399 1326 3-7
426 1278 487 1324 non
518 1259 551 1323 in
583 1279 697 1324 annum
722 1260 786 1324 568
820 1261 874 1325 sed
903 1261 936 1325 in
962 1276 992 1325 ’1.
1019 1259 1079 1324 571
1106 1259 1233 1326 cadunt:
1265 1258 1330 1326 Liv.

182 1362 331 1427 XXXIX.
353 1361 393 1424 51
419 1362 478 1441 (cx
502 1361 683 1443 Polyb.³)).

265 1461 307 1542 [v.
329 1460 358 1524 6.
384 1461 418 1525 I:
442 1458 573 1524 addita
593 1459 654 1524 rid.
677 1477 769 1541 supra
789 1481 820 1543 p.
842 1460 909 1543 58].

266 1560 337 1644 Cap.
360 1560 387 1626 6.
409 1579 437 1624 v.
462 1557 494 1622 8:
516 1559 577 1626 vid.
599 1558 664 1623 Liv.
689 1559 753 1627 XL.
776 1560 826 1638 54,
851 1560 867 1622 1
890 1580 934 1643 sq.
1346 1561 1432 1612 6116·

264 1681 292 1726 v.
315 1659 432 1724 8-10:
455 1660 601 1742 Eutrop.
624 1659 674 1740 (ex
694 1660 871 1743 superIorib.
894 1680 918 1726 o.
940 1660 1006 1724 23
1028 1660 1179 1744 repetita).
1350 1687 1354 1695 ¹

264 1780 292 1825 v.
316 1760 364 1826 10.
390 1760 442 1823 11:
476 1759 536 1825 vid.
561 1759 626 1825 Liu.
649 1758 736 1824 XLII
759 1760 905 1825 flumenta
932 1761 1099 1826 orationem
1121 1763 1160 1842 (c.
1185 1761 1332 1843 11-14),

184 1860 237 1942 qui
256 1860 390 1942 primum
409 1859 502 1924 huius
523 1859 568 1923 rei
589 1858 731 1923 nuntium
752 1860 886 1927 Romam
907 1861 1014 1927 attulit
1036 1862 1074 1944 (o.
1099 1861 1147 1940 12,
1169 1861 1189 1926 8
1212 1862 1248 1928 cf.
1265 1860 1332 1944 Ap·

181 1960 261 2044 pian.
283 1959 400 2026 Maced.
424 1959 477 2023 11:
502 1978 538 2023 11
559 1958 781 2044 Polybio⁴)).

265 2080 292 2126 v.
316 2059 440 2123 11-16
469 2059 706 2142 apertissime
728 2078 768 2125 ex
784 2062 888 2127 Livio
911 2063 963 2145 qui
979 2082 995 2128 o
1010 2061 1197 2145 Polybio⁵l
1219 2060 1334 2126 utrius-

185 2179 242 2242 que
262 2160 361 2243 partis
388 2159 539 2224 sociorum
567 2162 763 2242 conspectum
789 2162 911 2227 exhibet
932 2163 1041 2247 (XLII.
1065 2161 1151 2247 29)⁰)
1178 2162 1215 2227 of.
1244 2160 1329 2227 sirni-

183 2260 244 2325 lem
265 2262 463 2344 conspeotum
484 2261 564 2343 apud
585 2262 713 2344 Eutrop.
736 2281 761 2327 c.
783 2262 825 2326 20
847 2262 947 2346 (Oros.
969 2262 1005 2328 V.
1031 2261 1092 2343 10).

265 2382 294 2428 v.
319 2362 367 2426 16.
392 2360 445 2426 17:
467 2360 532 2428 Liv.
556 2361 650 2427 XLII.
674 2361 723 2439 32,
745 2362 775 2426 4.

266 2482 293 2527 v,
319 2462 367 2526 11.
391 2460 531 2527 181111.
556 2461 652 2527 XLII.
674 2461 807 2527 59-61.

267 2561 640 2629 118-2011111111111111
671 2562 777 2628 Liuius
804 2563 900 2630 XLII.
935 2562 989 2642 62,Ι
1019 2563 1123 2628 9-12
1156 2562 1265 2647 (legati
1297 2564 1335 2628 ad

185 2663 342 2738 consulem
373 2662 462 2727 missi
484 2662 621 2727 adhiblto
643 2663 793 2745 frequenti
827 2664 953 2730 consilio
980 2664 1078 2729 auditi
1109 2668 1181 2732 sunt
1203 2691 1335 2754 pacem

184 2763 331 2847 petiero
354 2815 360 2827 .
385 2815 391 2828 .
416 2815 421 2828 .
445 2763 585 2827 Romana
606 2764 778 2828 constantia
798 2763 873 2830 vicit
893 2765 926 2829 in
948 2765 1091 2832 consilio:
1113 2769 1157 2836 ita
1178 2774 1246 2837 turn
1268 2791 1336 2837 mos

185 2864 258 2943 erat,
292 2864 330 2927 in
357 2863 525 2928 adversis
552 2863 671 2930 voltum
697 2865 846 2930 secundae
868 2865 1007 2932 fortunae
1038 2887 1151 2951 gerere,
1185 2873 1336 2939 moderari

252 3133 273 3200 ¹)
290 3129 389 3185 Nissen
406 3128 467 3187 XV.
484 3128 535 3199 §L

253 3215 275 3284 ²)
296 3214 358 3271 Vid.
375 3213 474 3267 Nissen
491 3213 564 3271 XIV.
582 3213 599 3283 ἓ
617 3215 644 3268 6:
667 3215 812 3269 secundum
829 3215 970 3285 Polybium
991 3219 1045 3272 iam
1067 3236 1137 3276 anno
1155 3223 1206 3277 566
1227 3223 1337 3280 Fuluius

186 3297 356 3368 oprovincia
373 3311 422 3351 sua
438 3298 583 3351 revertisse
601 3298 715 3358 ridetur.
956 3309 958 3311 ’

252 3382 273 3453 ³)
290 3381 390 3436 Nissen
408 3380 467 3438 XV.
486 3381 502 3450 ξ
520 3382 543 3436 5.
562 3382 586 3440 6.

253 3468 274 3532 ⁴)
292 3465 392 3520 Nissen
409 3465 497 3523 XVII.
515 3465 531 3535 ξ
551 3467 609 3537 lp.
627 3466 686 3524 245.

253 3553 275 3618 ⁵)
292 3549 354 3607 Vid.
371 3549 470 3603 Nissen
486 3549 573 3604 XVII.
591 3549 608 3620 ξ
626 3551 642 3604 3
660 3551 693 3608 cf.
710 3551 781 3619 App.
799 3552 905 3610 Maced.
925 3554 955 3606 11
974 3555 1068 3614 Mithr.
1086 3558 1110 3616 2.

253 3634 275 3705 ⁶)
294 3633 368 3700 Quae
390 3632 467 3691 Eutr.
491 3633 523 3688 de
547 3635 665 3688 (lentio
692 3634 822 3703 Illyrici
843 3652 921 3704 rege
942 3640 1027 3693 refert
1056 3655 1117 3694 eum
1140 3643 1194 3696 iam
1215 3650 1337 3713 apertum

186 3718 278 3772 Persei
292 3717 392 3772 socium
405 3717 548 3784 destgnans
561 3732 611 3785 per
621 3717 759 3786 prolepsin
777 3719 850 3774 dicta
871 3727 936 3775 sunt
952 3723 1025 3789 (nam
1037 3740 1108 3778 anno
1121 3725 1226 3780 demum
1243 3728 1294 3782 586
1304 3760 1338 3769 -

185 3801 244 3860 Lis.
255 3802 352 3859 XLIV.
363 3801 398 3855 23
409 3830 442 3841 -
455 3807 549 3869 aperte
560 3801 739 3856 Macedonum
751 3805 837 3871 partis
850 3819 909 3860 esse
926 3806 1031 3876 incipit,
1048 3824 1118 3863 anno
1135 3815 1225 3864 autem
1243 3812 1294 3865 583
1305 3844 1339 3853 -

186 3885 245 3943 Lis.
266 3885 284 3943 I.
306 3900 328 3943 c.
351 3885 367 3954 ξ
390 3885 423 3939 11
444 3915 478 3924 -
499 3885 634 3954 „nondum
656 3885 722 3939 satis
744 3893 880 3943 statuerat
900 3897 989 3944 utram
1007 3890 1113 3947 foveret
1133 3901 1239 3963 partem
1260 3904 1339 3953 ..11

186 3967 229 4022 his
247 3969 364 4022 11111111
382 3984 411 4023 sc
434 3969 608 4024 adiuncturus
634 3968 808 4042 ridebatur’')
833 3988 920 4041 neque
939 3990 971 4028 ea
989 3991 1023 4029 ex
1040 3978 1200 4035 annalistico
1223 3981 1338 4048 quodam

111 4074 113 4080 1
187 4053 259 4106 fonte
278 4052 399 4107 derivare
417 4053 496 4107 velim
513 4054 567 4112 rid.
584 4053 644 4112 Liv.
662 4069 685 4112 1.
696 4054 738 4123 26,
756 4057 773 4109 2
790 4071 830 4124 sq.
849 4064 901 4122 (ex
917 4060 1058 4119 annalib.
1076 4077 1129 4121 sec.
1141 4064 1240 4118 Nissen
1251 4064 1338 4124 XVII.

187 4135 203 4204 ξ
215 4135 232 4189 2
243 4152 270 4204 p.
281 4136 342 4203 247)
356 4136 402 4190 ubi
415 4136 540 4191 Gentium
553 4138 606 4191 iam
618 4139 812 4206 suspectiorem
824 4157 856 4196 eo
870 4147 990 4212 tempore
1002 4143 1131 4201 Romanis
1145 4147 1228 4202 fuisse
1241 4150 1339 4207 innuit.

167 4248 221 4279 ,--
237 4219 319 4273 Falso
331 4219 409 4278 Eutr.
426 4220 647 4276 Ptolomaeum
666 4224 812 4292 Aegypti
833 4240 939 4292 regem
960 4227 987 4280 in
1004 4227 1338 4289 auxilioRomanis'fuisse

187 4302 273 4373 affert,
292 4319 352 4358 cum
369 4304 427 4362 Liv.
445 4319 469 4363 c.
486 4306 527 4377 29,
546 4306 561 4360 I
580 4305 613 4361 de
631 4307 801 4362 tutoribus
820 4309 877 4364 eius
895 4309 978 4365 verbe
995 4311 1104 4374 faceret.
