3038 4964
672 477 837 540 -63-

183 662 360 731 (Samnites
378 663 540 728 reparato
557 659 645 714 bello
663 660 717 726 sq.)
735 660 769 713 ad
787 659 851 712 anni
863 659 896 712 ab
914 675 940 716 u.
957 674 980 716 c.
997 659 1048 712 462
1061 658 1233 713 Samniticam
1250 660 1333 714 victo·

183 747 251 800 riam
279 744 456 799 enarrandam
475 743 542 812 (Liv.
568 743 677 812 deperd.
703 743 751 811 XI)
778 743 877 796 transit
902 743 1024 812 Eutrop.‚
1051 759 1110 798 cum
1137 749 1218 797 antea
1242 744 1278 812 (p.
1300 744 1334 797 12
1403 775 1423 791 ·.

184 845 208 888 v.
230 829 339 899 34-36)
361 828 393 886 L.
414 828 542 896 Papirii
564 828 714 882 Cursoris
737 843 761 884 a.
782 827 834 880 434
856 827 888 880 de
911 828 1074 881 Samnitibus
1096 830 1235 882 victoriam
1260 835 1333 882 retu-

184 913 272 967 lisset:
299 928 380 981 quam
398 912 550 966 contudisse
568 911 673 964 videtur
691 927 750 964 cum
768 910 800 968 L.
818 910 947 978 Papirii
972 911 1122 965 cursoris
1145 928 1168 970 a.
1189 913 1240 966 461
1258 928 1333 966 con·

184 996 267 1050 sulis
286 996 319 1050 de
338 995 501 1050 Samnitibus
519 996 631 1049 victoria
648 995 715 1063 (Liv.
733 995 766 1052 X.
785 994 819 1048 40
836 996 885 1063 aql
903 996 946 1048 cui
964 995 1074 1050 Orosius
1096 1011 1201 1065 quoque
1224 997 1269 1066 (11.
1287 997 1331 1067 22)

187 1081 291 1135 cladem
308 1080 381 1133 illam
399 1079 477 1133 Fabii
497 1079 615 1146 Gurgitis
634 1079 762 1135 adnectit.

251 1316 318 1401 §3
362 1317 514 1395 Eutrop.
537 1316 557 1382 l.
580 1316 626 1382 ΙΙΙ
648 1335 673 1380 c.
697 1314 800 1379 7-23
823 1333 905 1379 cum
926 1314 1027 1381 Livii
1050 1317 1186 1382 decade
1209 1320 1257 1386 ill

641 1418 870 1498 comparata.

271 1549 354 1630 Quae
368 1551 525 1632 hucusque
548 1551 584 1615 de
607 1551 785 1632 quaestione
807 1551 912 1613 utrum
929 1551 1053 1634 Eutrop.
1077 1552 1162 1619 Livio
1189 1573 1264 1618 usus
1291 1555 1333 1620 sit

188 1652 351 1734 disputavi,
373 1652 492 1716 levibus
515 1670 587 1716 saue
601 1651 806 1715 fundamentis
826 1652 883 1714 niti
905 1651 970 1733 ipse
984 1651 1088 1731 fateor,
1112 1673 1180 1717 cum
1195 1655 1332 1736 ipsomm

185 1752 349 1816 fontium
377 1751 515 1833 quibus
542 1751 581 1814 in
607 1750 735 1833 prima
757 1751 897 1815 decade
919 1751 1050 1816 Livius
1077 1771 1170 1818 usus
1199 1757 1257 1819 est
1279 1775 1331 1819 er-

187 1852 403 1934 quireudorum
426 1852 524 1915 adhuc
545 1851 595 1916 vix
616 1851 719 1932 prima
739 1849 829 1915 initia
851 1851 933 1916 facta
955 1851 1018 1916 siut
1040 1853 1132 1934 atque
1155 1872 1190 1917 ea
1212 1873 1332 1937 quoquc

184 1950 332 2035 Eutropii,
355 1969 432 2033 quae
454 1970 524 2015 cum
538 1950 625 2016 Livio
642 1950 813 2028 concinunt,
836 1969 872 2014 er
894 1951 962 2016 aliis
978 1953 1139 2017 annalibus
1154 1953 1250 2036 pet'ta
1265 1963 1331 2020 osse

185 2052 320 2136 possint:
348 2052 441 2116 verba
467 2050 548 2114 enim
575 2051 644 2134 ipsa
665 2070 684 2114 a
704 2050 922 2134 posterioribus
950 2052 1107 2116 annalium
1134 2053 1332 2136 scriptoribus

185 2152 277 2218 etiam
299 2172 317 2217 a
338 2150 424 2217 Livio
446 2170 463 2216 c
486 2153 691 2235 superioribus
713 2151 796 2236 (inde
819 2171 837 2216 a
858 2151 953 2217 Fabio
968 2153 1103 2228 Pictore)
1118 2157 1333 2238 repetebantur

185 2254 291 2336 paucis
313 2253 443 2318 fortasse
465 2252 594 2317 mutatis
615 2252 664 2316 vel
684 2251 797 2317 additis
818 2251 863 2316 ita
883 2255 918 2316 ut
939 2254 1105 2318 maximam
1125 2256 1245 2338 partem
1266 2275 1333 2321 om-

187 2373 240 2419 nes
262 2372 356 2437 paene
378 2351 565 2419 adverbum
587 2352 791 2416 consentirent
800 2355 833 2436 ¹).
876 2352 978 2416 Aliter
999 2373 1047 2418 res
1069 2374 1138 2419 cum
1159 2355 1241 2419 Livii
1269 2357 1332 2421 de-

185 2455 339 2519 cadibus
368 2452 485 2518 tertia
512 2454 648 2535 quarta
680 2455 716 2516 et
743 2451 878 2536 quinta
900 2471 966 2516 sese
987 2454 1091 2530 habet3
1124 2456 1176 2537 qui
1203 2475 1273 2520 cum
1301 2457 1333 2521 in

183 2555 232 2618 his
253 2555 417 2638 Polybium
440 2573 560 2636 queque
582 2553 621 2617 ad
643 2573 751 2618 manus
772 2555 921 2632 habuerit,
944 2573 1054 2636 inagna
1069 2555 1139 2619 inde
1160 2556 1240 2620 inter
1262 2572 1332 2621 eum

185 2655 320 2736 aliosque
342 2653 498 2718 annalium
520 2652 682 2736 scriptores
704 2654 874 2720 differentia
896 2657 964 2721 orta
985 2658 1040 2718 cst.

267 2757 334 2820 Iam
355 2753 494 2836 Eutropii
526 2753 605 2817 libro
627 2754 674 2817 ΙΙΙ
695 2755 734 2838 (c.
760 2755 878 2839 7--23)
907 2774 978 2820 cum
998 2755 1078 2820 Livii
1106 2757 1216 2822 decade
1238 2759 1332 2824 tertia

185 2857 360 2939 comparato
390 2855 522 2938 plurima
548 2855 629 2938 apud
656 2873 724 2918 eum
752 2857 879 2921 aLivio
902 2857 1001 2921 aliena
1029 2854 1173 2935 invenies,
1202 2878 1331 2941 quorum

184 2957 332 3038 quaedam
357 2956 525 3021 Koehler
551 2956 629 3021 libro
657 2975 748 3039 supra
775 2958 899 3021 laudato
920 2977 950 3040 p.
977 2957 1018 3021 93
1044 2957 1216 3037 adnotavit,
1243 2979 1331 3042 prae-

185 3057 332 3140 cipueque
353 3056 490 3122 ordinem
511 3075 613 3121 rerum
634 3057 807 3139 ascipione
829 3057 861 3120 in
882 3057 988 3121 Africa
1008 3061 1163 3141 gestarum
1187 3059 1286 3143 (Eutr.
1308 3081 1333 3126 e.

183 3157 321 3241 21-23)
352 3176 476 3241 prorsus
508 3157 599 3222 aliter
631 3159 723 3239 atque
755 3177 773 3221 a
803 3156 889 3220 Livio
923 3156 989 3240 (lib.
1022 3160 1127 3243 XXX)
1160 3160 1332 3243 disponitur

183 3257 313 3322 describi
335 3257 492 3342 probavit:
515 3277 591 3340 quae
614 3257 817 3341 discrepantia
845 3275 915 3320 mea
943 3257 1069 3340 quidem
1095 3259 1235 3341 opinione
1261 3261 1332 3326 inde

184 3360 250 3422 orta
276 3360 324 3422 cst
345 3357 426 3440 quod
446 3357 552 3423 Livius
584 3357 647 3423 iam
674 3357 707 3420 in
729 3358 833 3423 multis
855 3358 965 3422 tertiae
987 3359 1109 3423 decadis
1130 3360 1216 3424 libris
1242 3380 1330 3443 prae-

184 3459 329 3543 cipueque
351 3459 383 3523 in
404 3459 462 3524 hoc
482 3459 550 3543 ipso
575 3459 666 3525 XXX
688 3459 825 3542 Polybio,
846 3458 1012 3542 Eutropius
1027 3460 1130 3523 autem
1151 3460 1331 3526 annalistico

120 3599 122 3603 -
184 3559 267 3625 fonte
281 3558 359 3624 usus'
378 3560 419 3624 sit
427 3561 460 3643 ²).
497 3558 596 3639 Quam
615 3578 688 3624 sane
703 3559 918 3642 grauissimam
940 3559 1149 3643 quaestionem
1164 3559 1330 3643 quominus

251 3832 268 3900 ¹)
286 3831 348 3888 Vid.
367 3830 395 3886 C.
413 3829 512 3882 Peter
530 3828 577 3882 das
595 3827 767 3883 Vernaltniss
786 3829 833 3883 des
852 3829 944 3884 Livius
962 3830 1017 3884 und
1029 3828 1138 3900 Dionys.
1150 3845 1185 3884 au
1201 3829 1330 3887 einander

182 3915 237 3968 und
258 3931 291 3968 au
319 3915 371 3967 den
398 3914 470 3967 alten
492 3915 668 3983 Annalisten‚
694 3915 1026 3984 Gymnasial·Programm
1051 3931 1103 3968 von
1124 3916 1237 3970 Anclam
1264 3918 1331 3972 1853

182 3999 257 4057 alios

248 4085 267 4154 ²)
285 4084 370 4151 eram
393 4085 425 4139 de
447 4085 573 4154 Eutropii
594 4088 712 4155 capitum
734 4086 902 4141 laudatorem
927 4086 1044 4140 fontibus
1071 4086 1223 4154 opinionem
1245 4104 1351 4156 nuper,

181 4167 348 4222 Woelfflin
365 4168 393 4221 in
405 4169 587 4237 disputatione
605 4172 637 4225 de
655 4172 819 4226 Antiocho
837 4172 1040 4241 Syracusano
1058 4176 1089 4224 ct
1107 4170 1218 4224 Coelio
1235 4172 1329 4225 Anti-

181 4258 275 4320 patro
297 4252 425 4323 (Leipzig,
438 4253 573 4326 Teubner)
591 4256 734 4324 protulissc
752 4256 869 4311 videtur:
896 4255 968 4324 qnod
986 4255 1142 4327 opusculum
1158 4254 1274 4330 nondum
1291 4256 1332 4313 in·

181 4338 284 4406 spicere
302 4339 386 4407 potui.
