<?xml version="1.0" encoding="UTF-8"?>
<!DOCTYPE html PUBLIC "-//W3C//DTD XHTML 1.0 Transitional//EN"
    "http://www.w3.org/TR/xhtml1/DTD/xhtml1-transitional.dtd">
<html xmlns="http://www.w3.org/1999/xhtml" xml:lang="en" lang="en">
 <head>
  <title>
</title>
<meta http-equiv="Content-Type" content="text/html;charset=utf-8" />
  <meta name='ocr-system' content='tesseract 3.04.00' />
  <meta name='ocr-capabilities' content='ocr_page ocr_carea ocr_par ocr_line ocrx_word'/>
</head>
<body>
  <div class='ocr_page' id='page_1' title='image "./deeutropiibreui00pirogoog_0011.png"; bbox 0 0 3038 4964; ppageno 0'>
   <div class='ocr_carea' id='block_1_1' title="bbox 593 1435 910 1540">
    <p class='ocr_par' dir='ltr' id='par_1_1' title="bbox 593 1435 910 1540">
     <span class='ocr_line' id='line_1_1' title="bbox 593 1435 910 1540; baseline 0 -2"><span class='ocrx_word' id='word_1_1' title='bbox 593 1435 910 1540; x_wconf 78' lang='lat' dir='ltr'><strong>THESES.</strong></span> 
     </span>
    </p>
   </div>
   <div class='ocr_carea' id='block_1_2' title="bbox 180 1762 1327 3642">
    <p class='ocr_par' dir='ltr' id='par_1_2' title="bbox 209 1762 1327 2138">
     <span class='ocr_line' id='line_1_2' title="bbox 209 1762 1326 1838; baseline 0.004 -19"><span class='ocrx_word' id='word_1_2' title='bbox 209 1766 230 1824; x_wconf 91' lang='lat' dir='ltr'><strong>l.</strong></span> <span class='ocrx_word' id='word_1_3' title='bbox 257 1766 338 1836; x_wconf 85' lang='lat' dir='ltr'>Apud</span> <span class='ocrx_word' id='word_1_4' title='bbox 371 1767 483 1836; x_wconf 81' lang='lat' dir='ltr'><strong>Eutrop.</strong></span> <span class='ocrx_word' id='word_1_5' title='bbox 518 1765 568 1825; x_wconf 88' lang='grc' dir='ltr'><strong>ΙΙΙ.</strong></span> <span class='ocrx_word' id='word_1_6' title='bbox 601 1767 646 1836; x_wconf 84' lang='grc'><strong>10,</strong></span> <span class='ocrx_word' id='word_1_7' title='bbox 680 1768 798 1824; x_wconf 85' lang='lat' dir='ltr'><strong>Paeanio</strong></span> <span class='ocrx_word' id='word_1_8' title='bbox 833 1773 862 1824; x_wconf 92' lang='lat' dir='ltr'><strong>et</strong></span> <span class='ocrx_word' id='word_1_9' title='bbox 898 1762 1019 1824; x_wconf 64' lang='lat' dir='ltr'><strong>Iolfine</strong></span> <span class='ocrx_word' id='word_1_10' title='bbox 1052 1767 1222 1823; x_wconf 78' lang='lat' dir='ltr'><strong>Antiocheno</strong></span> <span class='ocrx_word' id='word_1_11' title='bbox 1253 1769 1326 1838; x_wconf 87' lang='lat' dir='ltr'><strong>apud</strong></span> 
     </span>
     <span class='ocr_line' id='line_1_3' title="bbox 260 1862 1326 1948; baseline 0 -26"><span class='ocrx_word' id='word_1_12' title='bbox 260 1867 370 1922; x_wconf 86' lang='lat' dir='ltr'><strong>Suidam</strong></span> <span class='ocrx_word' id='word_1_13' title='bbox 387 1885 411 1922; x_wconf 84' lang='lat' dir='ltr'><strong>v.</strong></span> <span class='ocrx_word' id='word_1_14' title='bbox 426 1862 590 1948; x_wconf 69' lang='grc' dir='ltr'><em>ἀκραιφνές</em></span> <span class='ocrx_word' id='word_1_15' title='bbox 607 1867 653 1937; x_wconf 83' lang='lat' dir='ltr'><strong>(ci.</strong></span> <span class='ocrx_word' id='word_1_16' title='bbox 671 1884 695 1928; x_wconf 83' lang='lat' dir='ltr'><strong>v.</strong></span> <span class='ocrx_word' id='word_1_17' title='bbox 717 1865 923 1947; x_wconf 69' lang='grc' dir='ltr'><strong>περιέσεσθαι)</strong></span> <span class='ocrx_word' id='word_1_18' title='bbox 942 1869 1113 1938; x_wconf 86' lang='lat' dir='ltr'><strong>comparatis,</strong></span> <span class='ocrx_word' id='word_1_19' title='bbox 1137 1868 1196 1937; x_wconf 89' lang='lat' dir='ltr'><strong>qni</strong></span> <span class='ocrx_word' id='word_1_20' title='bbox 1210 1868 1326 1923; x_wconf 87' lang='lat' dir='ltr'><strong>abiens</strong></span> 
     </span>
     <span class='ocr_line' id='line_1_4' title="bbox 261 1967 1327 2038; baseline 0.001 -16"><span class='ocrx_word' id='word_1_21' title='bbox 261 1984 311 2038; x_wconf 93' lang='lat' dir='ltr'><strong>pro</strong></span> <span class='ocrx_word' id='word_1_22' title='bbox 329 1968 384 2037; x_wconf 90' lang='lat' dir='ltr'><strong>qni</strong></span> <span class='ocrx_word' id='word_1_23' title='bbox 401 1967 538 2037; x_wconf 84' lang='lat' dir='ltr'><strong>Fabius,</strong></span> <span class='ocrx_word' id='word_1_24' title='bbox 568 1967 640 2036; x_wconf 87' lang='lat' dir='ltr'><strong>qnod</strong></span> <span class='ocrx_word' id='word_1_25' title='bbox 662 1968 691 2022; x_wconf 95' lang='lat' dir='ltr'><strong>in</strong></span> <span class='ocrx_word' id='word_1_26' title='bbox 711 1968 834 2024; x_wconf 89' lang='lat' dir='ltr'><strong>omnibns</strong></span> <span class='ocrx_word' id='word_1_27' title='bbox 858 1970 950 2024; x_wconf 85' lang='lat' dir='ltr'><strong>latinis</strong></span> <span class='ocrx_word' id='word_1_28' title='bbox 970 1969 1107 2024; x_wconf 77' lang='lat' dir='ltr'><strong>codicibus</strong></span> <span class='ocrx_word' id='word_1_29' title='bbox 1125 1974 1216 2037; x_wconf 88' lang='lat' dir='ltr'><strong>extat,</strong></span> <span class='ocrx_word' id='word_1_30' title='bbox 1236 1969 1327 2037; x_wconf 72' lang='lat' dir='ltr'><strong>legen·</strong></span> 
     </span>
     <span class='ocr_line' id='line_1_5' title="bbox 260 2069 604 2138; baseline 0.009 -16"><span class='ocrx_word' id='word_1_31' title='bbox 260 2069 323 2122; x_wconf 90' lang='lat' dir='ltr'><strong>dnm</strong></span> <span class='ocrx_word' id='word_1_32' title='bbox 341 2083 402 2123; x_wconf 91' lang='lat' dir='ltr'><strong>esse</strong></span> <span class='ocrx_word' id='word_1_33' title='bbox 418 2074 492 2138; x_wconf 88' lang='lat' dir='ltr'><strong>puto.</strong></span> <span class='ocrx_word' id='word_1_34' title='bbox 600 2118 604 2125; x_wconf 83' lang='lat'><strong>.</strong></span> 
     </span>
    </p>

    <p class='ocr_par' dir='ltr' id='par_1_3' title="bbox 195 2168 1326 2633">
     <span class='ocr_line' id='line_1_6' title="bbox 195 2168 1326 2239; baseline 0.002 -17"><span class='ocrx_word' id='word_1_35' title='bbox 195 2169 230 2224; x_wconf 89' lang='lat' dir='ltr'><strong>ll.</strong></span> <span class='ocrx_word' id='word_1_36' title='bbox 257 2169 381 2224; x_wconf 84' lang='lat' dir='ltr'><strong>Valentis</strong></span> <span class='ocrx_word' id='word_1_37' title='bbox 413 2170 584 2239; x_wconf 82' lang='lat' dir='ltr'><strong>imperatoris</strong></span> <span class='ocrx_word' id='word_1_38' title='bbox 613 2168 780 2239; x_wconf 80' lang='lat' dir='ltr'><strong>temporibus</strong></span> <span class='ocrx_word' id='word_1_39' title='bbox 810 2168 947 2224; x_wconf 84' lang='lat' dir='ltr'><strong>dioecesos</strong></span> <span class='ocrx_word' id='word_1_40' title='bbox 974 2168 1075 2239; x_wconf 88' lang='lat' dir='ltr'><strong>Illyrici</strong></span> <span class='ocrx_word' id='word_1_41' title='bbox 1105 2169 1218 2224; x_wconf 77' lang='lat' dir='ltr'><strong>Daciam</strong></span> <span class='ocrx_word' id='word_1_42' title='bbox 1244 2176 1326 2239; x_wconf 84' lang='lat' dir='ltr'><strong>atque</strong></span> 
     </span>
     <span class='ocr_line' id='line_1_7' title="bbox 260 2268 1325 2340; baseline 0.001 -16"><span class='ocrx_word' id='word_1_43' title='bbox 260 2270 395 2340; x_wconf 87' lang='lat' dir='ltr'><strong>Illyricum</strong></span> <span class='ocrx_word' id='word_1_44' title='bbox 414 2271 581 2326; x_wconf 85' lang='lat' dir='ltr'><strong>occidentale</strong></span> <span class='ocrx_word' id='word_1_45' title='bbox 597 2271 723 2340; x_wconf 90' lang='lat' dir='ltr'><strong>proprios</strong></span> <span class='ocrx_word' id='word_1_46' title='bbox 740 2270 854 2324; x_wconf 78' lang='lat' dir='ltr'><strong>vicarios</strong></span> <span class='ocrx_word' id='word_1_47' title='bbox 878 2285 931 2324; x_wconf 93' lang='lat' dir='ltr'><strong>non</strong></span> <span class='ocrx_word' id='word_1_48' title='bbox 952 2268 1080 2325; x_wconf 84' lang='lat' dir='ltr'><strong>babuisse</strong></span> <span class='ocrx_word' id='word_1_49' title='bbox 1102 2270 1151 2324; x_wconf 87' lang='lat' dir='ltr'><strong>sed</strong></span> <span class='ocrx_word' id='word_1_50' title='bbox 1172 2270 1325 2326; x_wconf 87' lang='lat' dir='ltr'><strong>immediato</strong></span> 
     </span>
     <span class='ocr_line' id='line_1_8' title="bbox 259 2369 1326 2442; baseline -0.001 -15"><span class='ocrx_word' id='word_1_51' title='bbox 259 2372 309 2427; x_wconf 90' lang='lat' dir='ltr'><strong>sub</strong></span> <span class='ocrx_word' id='word_1_52' title='bbox 328 2371 504 2441; x_wconf 80' lang='lat' dir='ltr'><strong>dispositione</strong></span> <span class='ocrx_word' id='word_1_53' title='bbox 521 2371 653 2442; x_wconf 85' lang='lat' dir='ltr'><strong>praefecti</strong></span> <span class='ocrx_word' id='word_1_54' title='bbox 669 2372 807 2442; x_wconf 89' lang='lat' dir='ltr'><strong>praetorio</strong></span> <span class='ocrx_word' id='word_1_55' title='bbox 818 2371 921 2441; x_wconf 89' lang='lat' dir='ltr'><strong>lllyrici</strong></span> <span class='ocrx_word' id='word_1_56' title='bbox 937 2372 982 2425; x_wconf 85' lang='lat' dir='ltr'><strong>uel</strong></span> <span class='ocrx_word' id='word_1_57' title='bbox 998 2369 1095 2426; x_wconf 89' lang='lat' dir='ltr'><strong>Italiae</strong></span> <span class='ocrx_word' id='word_1_58' title='bbox 1112 2371 1177 2440; x_wconf 82' lang='lat' dir='ltr'><strong>(vid.</strong></span> <span class='ocrx_word' id='word_1_59' title='bbox 1188 2371 1326 2440; x_wconf 84' lang='lat' dir='ltr'><strong>Boeolring</strong></span> 
     </span>
     <span class='ocr_line' id='line_1_9' title="bbox 259 2472 1325 2543; baseline 0.001 -16"><span class='ocrx_word' id='word_1_60' title='bbox 259 2473 295 2527; x_wconf 90' lang='lat' dir='ltr'><strong>ad</strong></span> <span class='ocrx_word' id='word_1_61' title='bbox 311 2472 346 2532; x_wconf 82' lang='lat' dir='ltr'><strong>N.</strong></span> <span class='ocrx_word' id='word_1_62' title='bbox 364 2473 398 2527; x_wconf 90' lang='lat' dir='ltr'><strong>D.</strong></span> <span class='ocrx_word' id='word_1_63' title='bbox 415 2473 450 2526; x_wconf 91' lang='lat' dir='ltr'><strong>H.</strong></span> <span class='ocrx_word' id='word_1_64' title='bbox 468 2490 493 2543; x_wconf 89' lang='lat' dir='ltr'><strong>p.</strong></span> <span class='ocrx_word' id='word_1_65' title='bbox 512 2475 573 2541; x_wconf 85' lang='lat'>141)</span> <span class='ocrx_word' id='word_1_66' title='bbox 591 2474 699 2530; x_wconf 85' lang='lat' dir='ltr'><strong>stetisse</strong></span> <span class='ocrx_word' id='word_1_67' title='bbox 716 2489 776 2528; x_wconf 87' lang='lat' dir='ltr'><strong>cum</strong></span> <span class='ocrx_word' id='word_1_68' title='bbox 794 2473 952 2543; x_wconf 88' lang='lat' dir='ltr'><strong>posterioris</strong></span> <span class='ocrx_word' id='word_1_69' title='bbox 965 2473 1093 2542; x_wconf 87' lang='lat' dir='ltr'><strong>temporis</strong></span> <span class='ocrx_word' id='word_1_70' title='bbox 1105 2474 1256 2543; x_wconf 83' lang='lat' dir='ltr'><strong>exemplum</strong></span> <span class='ocrx_word' id='word_1_71' title='bbox 1269 2481 1325 2528; x_wconf 89' lang='lat' dir='ltr'><strong>tum</strong></span> 
     </span>
     <span class='ocr_line' id='line_1_10' title="bbox 260 2573 626 2633; baseline 0.014 -5"><span class='ocrx_word' id='word_1_72' title='bbox 260 2574 347 2628; x_wconf 84' lang='lat' dir='ltr'><strong>Rufus</strong></span> <span class='ocrx_word' id='word_1_73' title='bbox 366 2590 389 2629; x_wconf 89' lang='lat' dir='ltr'><strong>c.</strong></span> <span class='ocrx_word' id='word_1_74' title='bbox 406 2575 424 2628; x_wconf 86' lang='lat'><em>8</em></span> <span class='ocrx_word' id='word_1_75' title='bbox 440 2573 485 2629; x_wconf 87' lang='lat' dir='ltr'><strong>lin.</strong></span> <span class='ocrx_word' id='word_1_76' title='bbox 504 2575 626 2633; x_wconf 83' lang='lat' dir='ltr'><strong>edocent.</strong></span> 
     </span>
    </p>

    <p class='ocr_par' dir='ltr' id='par_1_4' title="bbox 180 2674 1247 2745">
     <span class='ocr_line' id='line_1_11' title="bbox 180 2674 1247 2745; baseline 0.002 -17"><span class='ocrx_word' id='word_1_77' title='bbox 180 2674 230 2729; x_wconf 93' lang='lat' dir='ltr'><strong>Ill.</strong></span> <span class='ocrx_word' id='word_1_78' title='bbox 260 2677 400 2745; x_wconf 78' lang='lat' dir='ltr'><strong>Appianas</strong></span> <span class='ocrx_word' id='word_1_79' title='bbox 418 2675 447 2730; x_wconf 95' lang='lat' dir='ltr'><strong>in</strong></span> <span class='ocrx_word' id='word_1_80' title='bbox 463 2675 535 2731; x_wconf 87' lang='lat' dir='ltr'><strong>bello</strong></span> <span class='ocrx_word' id='word_1_81' title='bbox 552 2676 656 2731; x_wconf 88' lang='lat' dir='ltr'><strong>Punico</strong></span> <span class='ocrx_word' id='word_1_82' title='bbox 673 2674 792 2730; x_wconf 88' lang='lat' dir='ltr'><strong>secundo</strong></span> <span class='ocrx_word' id='word_1_83' title='bbox 809 2674 961 2729; x_wconf 89' lang='lat' dir='ltr'><strong>enarrando</strong></span> <span class='ocrx_word' id='word_1_84' title='bbox 978 2675 1097 2730; x_wconf 92' lang='lat' dir='ltr'><strong>Diodoro</strong></span> <span class='ocrx_word' id='word_1_85' title='bbox 1114 2690 1180 2730; x_wconf 88' lang='lat' dir='ltr'><strong>usus</strong></span> <span class='ocrx_word' id='word_1_86' title='bbox 1198 2682 1247 2730; x_wconf 86' lang='lat' dir='ltr'><strong>est.</strong></span> 
     </span>
    </p>

    <p class='ocr_par' dir='ltr' id='par_1_5' title="bbox 183 2775 1325 3149">
     <span class='ocr_line' id='line_1_12' title="bbox 183 2775 1325 2846; baseline -0.001 -15"><span class='ocrx_word' id='word_1_87' title='bbox 183 2777 229 2831; x_wconf 89' lang='lat' dir='ltr'><strong>lv.</strong></span> <span class='ocrx_word' id='word_1_88' title='bbox 256 2777 348 2832; x_wconf 79' lang='lat' dir='ltr'><strong>Livius</strong></span> <span class='ocrx_word' id='word_1_89' title='bbox 365 2777 419 2831; x_wconf 87' lang='lat' dir='ltr'><strong>iem</strong></span> <span class='ocrx_word' id='word_1_90' title='bbox 436 2776 499 2830; x_wconf 89' lang='lat' dir='ltr'><strong>inde</strong></span> <span class='ocrx_word' id='word_1_91' title='bbox 516 2792 533 2830; x_wconf 91' lang='lat' dir='ltr'><strong>a</strong></span> <span class='ocrx_word' id='word_1_92' title='bbox 550 2777 566 2831; x_wconf 94' lang='lat' dir='ltr'><strong>l.</strong></span> <span class='ocrx_word' id='word_1_93' title='bbox 584 2777 650 2831; x_wconf 86' lang='lat' dir='ltr'><strong>XXI</strong></span> <span class='ocrx_word' id='word_1_94' title='bbox 670 2777 747 2831; x_wconf 90' lang='lat' dir='ltr'><strong>initio</strong></span> <span class='ocrx_word' id='word_1_95' title='bbox 759 2775 899 2846; x_wconf 88' lang='lat' dir='ltr'><strong>Polybium</strong></span> <span class='ocrx_word' id='word_1_96' title='bbox 911 2776 1055 2845; x_wconf 77' lang='lat' dir='ltr'><strong>diligenter</strong></span> <span class='ocrx_word' id='word_1_97' title='bbox 1066 2777 1185 2846; x_wconf 80' lang='lat' dir='ltr'><strong>inspexit</strong></span> <span class='ocrx_word' id='word_1_98' title='bbox 1202 2791 1325 2845; x_wconf 84' lang='lat' dir='ltr'><strong>quaeque</strong></span> 
     </span>
     <span class='ocr_line' id='line_1_13' title="bbox 259 2877 1325 2947; baseline -0.003 -14"><span class='ocrx_word' id='word_1_99' title='bbox 259 2878 331 2947; x_wconf 94' lang='lat' dir='ltr'><strong>apnd</strong></span> <span class='ocrx_word' id='word_1_100' title='bbox 349 2893 409 2933; x_wconf 89' lang='lat' dir='ltr'><strong>eum</strong></span> <span class='ocrx_word' id='word_1_101' title='bbox 427 2882 535 2932; x_wconf 87' lang='lat' dir='ltr'><strong>exstant</strong></span> <span class='ocrx_word' id='word_1_102' title='bbox 552 2893 701 2947; x_wconf 79' lang='lat' dir='ltr'><strong>pugnarum</strong></span> <span class='ocrx_word' id='word_1_103' title='bbox 719 2878 792 2947; x_wconf 90' lang='lat' dir='ltr'><strong>apud</strong></span> <span class='ocrx_word' id='word_1_104' title='bbox 811 2877 938 2932; x_wconf 79' lang='lat' dir='ltr'><strong>Trebiam</strong></span> <span class='ocrx_word' id='word_1_105' title='bbox 954 2877 1042 2933; x_wconf 89' lang='lat' dir='ltr'><strong>lacum</strong></span> <span class='ocrx_word' id='word_1_106' title='bbox 1058 2877 1245 2933; x_wconf 87' lang='lat' dir='ltr'><strong>Trasimenum</strong></span> <span class='ocrx_word' id='word_1_107' title='bbox 1257 2877 1325 2931; x_wconf 81' lang='lat' dir='ltr'><strong>Can·</strong></span> 
     </span>
     <span class='ocr_line' id='line_1_14' title="bbox 258 2978 1324 3049; baseline -0.003 -15"><span class='ocrx_word' id='word_1_108' title='bbox 258 2995 361 3048; x_wconf 88' lang='lat' dir='ltr'><strong>nasque</strong></span> <span class='ocrx_word' id='word_1_109' title='bbox 384 2978 580 3047; x_wconf 86' lang='lat' dir='ltr'><strong>descriptiones</strong></span> <span class='ocrx_word' id='word_1_110' title='bbox 602 2995 656 3034; x_wconf 94' lang='lat' dir='ltr'><strong>non</strong></span> <span class='ocrx_word' id='word_1_111' title='bbox 678 2978 788 3034; x_wconf 86' lang='lat' dir='ltr'><strong>aliunde</strong></span> <span class='ocrx_word' id='word_1_112' title='bbox 810 2994 890 3047; x_wconf 88' lang='lat' dir='ltr'><strong>quam</strong></span> <span class='ocrx_word' id='word_1_113' title='bbox 913 2993 928 3033; x_wconf 90' lang='lat' dir='ltr'><strong>e</strong></span> <span class='ocrx_word' id='word_1_114' title='bbox 952 2978 1043 3033; x_wconf 85' lang='lat' dir='ltr'><strong>Sileno</strong></span> <span class='ocrx_word' id='word_1_115' title='bbox 1064 2994 1081 3034; x_wconf 92' lang='lat' dir='ltr'><strong>a</strong></span> <span class='ocrx_word' id='word_1_116' title='bbox 1102 2979 1242 3049; x_wconf 88' lang='lat' dir='ltr'><strong>Polybio</strong></span> <span class='ocrx_word' id='word_1_117' title='bbox 1263 2978 1324 3034; x_wconf 84' lang='lat' dir='ltr'><strong>aliis</strong></span> 
     </span>
     <span class='ocr_line' id='line_1_15' title="bbox 258 3079 1092 3149; baseline 0.001 -13"><span class='ocrx_word' id='word_1_118' title='bbox 258 3081 377 3136; x_wconf 80' lang='lat' dir='ltr'><strong>tontibus</strong></span> <span class='ocrx_word' id='word_1_119' title='bbox 396 3080 558 3148; x_wconf 86' lang='lat' dir='ltr'><strong>comparatis</strong></span> <span class='ocrx_word' id='word_1_120' title='bbox 576 3079 719 3135; x_wconf 90' lang='lat' dir='ltr'><strong>emendato</strong></span> <span class='ocrx_word' id='word_1_121' title='bbox 737 3079 875 3149; x_wconf 85' lang='lat' dir='ltr'><strong>protectae</strong></span> <span class='ocrx_word' id='word_1_122' title='bbox 893 3094 953 3134; x_wconf 86' lang='lat' dir='ltr'><strong>esse</strong></span> <span class='ocrx_word' id='word_1_123' title='bbox 970 3084 1092 3148; x_wconf 90' lang='lat' dir='ltr'><strong>possunt.</strong></span> 
     </span>
    </p>

    <p class='ocr_par' dir='ltr' id='par_1_6' title="bbox 195 3180 1326 3642">
     <span class='ocr_line' id='line_1_16' title="bbox 195 3180 1325 3251; baseline -0.002 -15"><span class='ocrx_word' id='word_1_124' title='bbox 195 3182 227 3236; x_wconf 86' lang='lat' dir='ltr'><strong>V.</strong></span> <span class='ocrx_word' id='word_1_125' title='bbox 255 3181 332 3248; x_wconf 80' lang='lat' dir='ltr'><strong>Quod</strong></span> <span class='ocrx_word' id='word_1_126' title='bbox 349 3181 442 3235; x_wconf 87' lang='lat' dir='ltr'><strong>Livius</strong></span> <span class='ocrx_word' id='word_1_127' title='bbox 460 3181 532 3235; x_wconf 85' lang='lat' dir='ltr'>XXI.</span> <span class='ocrx_word' id='word_1_128' title='bbox 549 3180 592 3249; x_wconf 81' lang='lat' dir='ltr'><strong>bl,</strong></span> <span class='ocrx_word' id='word_1_129' title='bbox 608 3181 626 3234; x_wconf 82' lang='lat'><strong>3</strong></span> <span class='ocrx_word' id='word_1_130' title='bbox 642 3185 744 3250; x_wconf 86' lang='lat' dir='ltr'><strong>narrat,</strong></span> <span class='ocrx_word' id='word_1_131' title='bbox 762 3197 817 3242; x_wconf 86' lang='lat' dir='ltr'><strong>cos.</strong></span> <span class='ocrx_word' id='word_1_132' title='bbox 835 3181 1022 3250; x_wconf 84' lang='lat' dir='ltr'><strong>Sempronium</strong></span> <span class='ocrx_word' id='word_1_133' title='bbox 1039 3186 1102 3251; x_wconf 86' lang='lat' dir='ltr'><strong>post</strong></span> <span class='ocrx_word' id='word_1_134' title='bbox 1118 3195 1235 3250; x_wconf 74' lang='lat' dir='ltr'><strong>pugnam</strong></span> <span class='ocrx_word' id='word_1_135' title='bbox 1252 3180 1325 3249; x_wconf 88' lang='lat' dir='ltr'><strong>apud</strong></span> 
     </span>
     <span class='ocr_line' id='line_1_17' title="bbox 259 3281 1323 3353; baseline -0.003 -16"><span class='ocrx_word' id='word_1_136' title='bbox 259 3281 386 3337; x_wconf 83' lang='lat' dir='ltr'><strong>Trebiam</strong></span> <span class='ocrx_word' id='word_1_137' title='bbox 403 3281 518 3336; x_wconf 90' lang='lat' dir='ltr'><strong>Romam</strong></span> <span class='ocrx_word' id='word_1_138' title='bbox 535 3281 685 3351; x_wconf 84' lang='lat' dir='ltr'><strong>proiectum</strong></span> <span class='ocrx_word' id='word_1_139' title='bbox 705 3297 765 3338; x_wconf 90' lang='lat' dir='ltr'><strong>esse</strong></span> <span class='ocrx_word' id='word_1_140' title='bbox 782 3281 940 3353; x_wconf 87' lang='lat' dir='ltr'><strong>posterioris</strong></span> <span class='ocrx_word' id='word_1_141' title='bbox 960 3283 1099 3337; x_wconf 85' lang='lat' dir='ltr'><strong>cuiusdam</strong></span> <span class='ocrx_word' id='word_1_142' title='bbox 1120 3282 1259 3351; x_wconf 87' lang='lat' dir='ltr'><strong>scriptoris</strong></span> <span class='ocrx_word' id='word_1_143' title='bbox 1280 3287 1323 3335; x_wconf 88' lang='lat' dir='ltr'><strong>est</strong></span> 
     </span>
     <span class='ocr_line' id='line_1_18' title="bbox 258 3383 1324 3454; baseline 0.001 -17"><span class='ocrx_word' id='word_1_144' title='bbox 258 3387 444 3454; x_wconf 86' lang='lat' dir='ltr'><strong>commentum,</strong></span> <span class='ocrx_word' id='word_1_145' title='bbox 467 3384 513 3452; x_wconf 86' lang='lat' dir='ltr'><strong>qui</strong></span> <span class='ocrx_word' id='word_1_146' title='bbox 535 3398 594 3438; x_wconf 89' lang='lat' dir='ltr'><strong>eum</strong></span> <span class='ocrx_word' id='word_1_147' title='bbox 611 3383 714 3439; x_wconf 85' lang='lat' dir='ltr'><strong>Romae</strong></span> <span class='ocrx_word' id='word_1_148' title='bbox 732 3389 795 3440; x_wconf 88' lang='lat' dir='ltr'><strong>ante</strong></span> <span class='ocrx_word' id='word_1_149' title='bbox 813 3383 887 3438; x_wconf 89' lang='lat' dir='ltr'><strong>illam</strong></span> <span class='ocrx_word' id='word_1_150' title='bbox 909 3399 1026 3453; x_wconf 76' lang='lat' dir='ltr'><strong>pugnam</strong></span> <span class='ocrx_word' id='word_1_151' title='bbox 1055 3388 1247 3438; x_wconf 88' lang='lat' dir='ltr'><strong>commoratum</strong></span> <span class='ocrx_word' id='word_1_152' title='bbox 1264 3397 1324 3438; x_wconf 88' lang='lat' dir='ltr'><strong>esse</strong></span> 
     </span>
     <span class='ocr_line' id='line_1_19' title="bbox 258 3481 1326 3555; baseline -0.004 -17"><span class='ocrx_word' id='word_1_153' title='bbox 258 3483 321 3555; x_wconf 81' lang='lat' dir='ltr'><strong>(vid.</strong></span> <span class='ocrx_word' id='word_1_154' title='bbox 343 3483 437 3554; x_wconf 93' lang='lat' dir='ltr'><strong>Polyb.</strong></span> <span class='ocrx_word' id='word_1_155' title='bbox 460 3484 508 3544; x_wconf 75' lang='lat' dir='ltr'><strong>III,</strong></span> <span class='ocrx_word' id='word_1_156' title='bbox 531 3484 576 3554; x_wconf 87' lang='grc'><strong>68)</strong></span> <span class='ocrx_word' id='word_1_157' title='bbox 598 3484 713 3538; x_wconf 83' lang='lat' dir='ltr'><strong>nescivit</strong></span> <span class='ocrx_word' id='word_1_158' title='bbox 735 3490 816 3553; x_wconf 85' lang='lat' dir='ltr'><strong>atque</strong></span> <span class='ocrx_word' id='word_1_159' title='bbox 846 3500 863 3539; x_wconf 85' lang='lat' dir='ltr'><strong>a</strong></span> <span class='ocrx_word' id='word_1_160' title='bbox 885 3485 998 3555; x_wconf 86' lang='lat' dir='ltr'><strong>Polybio</strong></span> <span class='ocrx_word' id='word_1_161' title='bbox 1026 3500 1049 3539; x_wconf 87' lang='lat' dir='ltr'><strong>c.</strong></span> <span class='ocrx_word' id='word_1_162' title='bbox 1071 3484 1105 3540; x_wconf 81' lang='lat' dir='ltr'><strong>&#39;lb</strong></span> <span class='ocrx_word' id='word_1_163' title='bbox 1125 3481 1326 3549; x_wconf 87' lang='lat' dir='ltr'><strong>Plutarchoque</strong></span> 
     </span>
     <span class='ocr_line' id='line_1_20' title="bbox 258 3584 653 3642; baseline -0.005 -1"><span class='ocrx_word' id='word_1_164' title='bbox 258 3585 323 3642; x_wconf 79' lang='lat' dir='ltr'><strong>Pab.</strong></span> <span class='ocrx_word' id='word_1_165' title='bbox 341 3584 415 3640; x_wconf 81' lang='lat' dir='ltr'><strong>Max.</strong></span> <span class='ocrx_word' id='word_1_166' title='bbox 434 3601 456 3640; x_wconf 92' lang='lat' dir='ltr'><strong>o.</strong></span> <span class='ocrx_word' id='word_1_167' title='bbox 477 3585 495 3640; x_wconf 84' lang='grc'><strong>3</strong></span> <span class='ocrx_word' id='word_1_168' title='bbox 511 3585 653 3640; x_wconf 80' lang='lat' dir='ltr'><strong>refutatur.</strong></span> 
     </span>
    </p>
   </div>
   <div class='ocr_carea' id='block_1_3' title="bbox 0 0 1524 4964">
    <p class='ocr_par' dir='ltr' id='par_1_7' title="bbox 0 0 1524 4964">
     <span class='ocr_line' id='line_1_21' title="bbox 0 0 1524 4964; baseline 0 0"><span class='ocrx_word' id='word_1_169' title='bbox 0 0 1524 4964; x_wconf 95' lang='lat' dir='ltr'><strong> </strong></span> 
     </span>
    </p>
   </div>
  </div>
 </body>
</html>
