3038 4964
694 469 860 534 42..

207 655 325 739 Lydum
347 654 384 720 de
405 674 486 740 mag.
509 658 533 722 Ι.
558 656 597 719 14
619 654 742 736 alios¹);
764 653 952 719 Eusebius
974 672 1094 736 quoque
1109 651 1142 718 in
1157 656 1279 722 Oenone
1293 655 1360 722 Ro·

207 756 325 820 mulum
351 775 431 822 anno
459 756 586 834 Amulii,
615 755 667 838 qui
689 772 747 819 sec.
769 753 879 818 ltuseb.
904 772 999 818 annos
1026 752 1139 822 XLIII.
1166 759 1359 838 regnaverat,

108 939 112 947 Ι
207 855 350 922 vicesimo
376 857 507 941 septImo
535 856 642 920 natum
669 873 736 919 esse
760 854 852 920 refert
879 872 1010 935 quocum
1035 857 1186 922 consentit
1215 854 1361 923 Hiero·

206 975 296 1039 nym.
311 956 364 1021 lat.
381 957 451 1023 hist.
467 956 501 1023 fr.
519 955 597 1038 14²).

292 1055 365 1121 ibid
377 1055 430 1124 XI.
442 1056 521 1121 Kal.
535 1055 696 1132 Maies³):
712 1054 772 1119 rid.
785 1054 995 1137 Hieronym.
1006 1054 1182 1123 lathistir.
1198 1057 1360 1139 lbffloma

207 1155 356 1220 Palilibus
378 1157 431 1238 qui
452 1176 533 1221 nunc
548 1156 613 1222 dies
628 1155 725 1220 festus
741 1157 789 1219 est
803 1153 939 1237 condita)
955 1153 1159 1238 chronogr,
1181 1176 1208 1222 a.
1230 1156 1294 1220 354
1314 1157 1359 1239 (p.

207 1255 269 1319 645
290 1256 475 1322 Mommsen:
502 1257 616 1322 Urbem
641 1255 772 1320 Romam
793 1254 931 1319 condidit
952 1253 1005 1319 XI.
1029 1255 1098 1322 Kal
1120 1255 1192 1322 Mai.
1216 1256 1268 1339 qui
1290 1255 1360 1321 dies

206 1357 379 1439 appellatur
404 1357 532 1439 Perille)
555 1355 591 1422 of.
617 1356 747 1421 aliorum
770 1355 953 1438 scriptorum
974 1355 1057 1419 locos
1079 1376 1097 1421 a
1119 1355 1310 1441 Schweglero
1332 1376 1358 1421 r.

206 1457 242 1522 G.
266 1457 289 1523 1.
310 1477 339 1541 p.
360 1457 424 1521 444
444 1477 474 1522 n.
500 1458 526 1520 1.
549 1456 667 1521 allatos.

290 1557 361 1639 Cap.
394 1557 429 1621 2:
463 1576 540 1639 qnae
571 1556 609 1621 de
641 1554 831 1621 senatoribus
864 1554 1038 1622 aRomulo
1071 1556 1159 1622 lectis
1193 1561 1359 1624 narrantur

205 1659 372 1740 (centum
393 1677 434 1721 ex
460 1657 677 1722 santonibus
705 1653 823 1738 elegit
850 1674 1005 1737 quorum
1036 1655 1202 1722 consilio
1228 1659 1358 1724 omnia

205 1758 379 1840 ageret),
396 1776 489 1840 quos
507 1758 705 1822 senatores
721 1755 928 1820 nominauit
942 1757 1089 1838 propter
1104 1759 1357 1844 senectutem)

206 1858 331 1941 vulgata
352 1858 474 1940 quidem
490 1860 562 1923 sunt
573 1856 774 1937 simifiterqne
789 1858 864 1938 aput
876 1855 1049 1920 innumeros
1068 1856 1145 1921 abos
1160 1857 1357 1943 scriptores)

205 1959 348 2041 legrmtur
369 1958 539 2041 comparari
568 1959 672 2022 tamen
698 1957 827 2041 possunt
849 1974 919 2020 cum
940 1955 1096 2020 Eusebii
1123 1957 1176 2040 (ad
1202 1976 1229 2022 a.
1259 1959 1356 2045 1283)

206 2077 325 2142 quoque
347 2061 377 2124 et
400 2058 684 2141 chronographi
705 2057 789 2122 locis.

421 2157 537 2215 Euseb.
989 2155 1164 2224 Chronogr.

205 2241 250 2312 [ex
267 2241 346 2310 plebe
363 2241 473 2295 militiae
487 2240 630 2310 adscripsit
647 2239 754 2310 viros)⁶)
825 2239 913 2309 [Mille
927 2239 1039 2307 juvenes
1058 2240 1091 2293 de
1109 2240 1232 2295 Romana
1248 2243 1328 2310 plebe

846 2323 911 2392 legit
928 2339 995 2391 quos
1013 2325 1111 2379 milites
1130 2325 1311 2397 appellarit]⁷)

222 2417 251 2464 et
268 2425 345 2464 senes
357 2407 460 2463 nobi1es
481 2408 501 2461 Ο
519 2415 658 2462 senatores
677 2422 739 2461 oon·
825 2414 852 2461 et
874 2414 1000 2462 eentum
1027 2409 1176 2465 seniores
1197 2425 1264 2478 qnos
1287 2426 1329 2466 se·

421 2492 535 2560 stituit)
975 2498 1084 2548 natones
1102 2492 1178 2552 dixit.

237 2578 334 2647 quique
353 2576 499 2631 secundum
516 2577 624 2633 eosdem
641 2582 720 2632 erant

354 2661 483 2730 patricios
500 2662 614 2719 vocavit.

202 2768 402 2778 ------

275 2797 293 2865 ¹)
310 2796 371 2853 Vid.
394 2796 427 2848 de
450 2795 562 2849 Tarutio
585 2794 721 2848 Ciceronis
744 2795 851 2862 aequali
873 2810 906 2848 ex
928 2810 981 2863 qno
1007 2793 1111 2849 suade
1133 2795 1241 2849 Romuli
1262 2802 1353 2852 aetate

203 2881 289 2948 deque
306 2880 348 2934 die
367 2894 420 2947 qua
433 2879 519 2932 Roma
536 2878 645 2931 condita
663 2884 705 2931 est
721 2876 870 2932 hauserunt
887 2879 974 2933 Varro
991 2878 1153 2933 Plutarchus
1172 2879 1279 2934 Solinus
1297 2879 1351 2950 Ly-

205 2964 254 3017 dus
273 2964 319 3017 alii
337 2961 541 3017 Mommsenium
559 2967 624 3018 rdm.
643 2961 740 3019 Chron.
758 2979 784 3030 p.
804 2963 903 3017 lto-t
921 2978 947 3020 n.
965 2962 1023 3019 278.
1041 2962 1099 3021 279.

271 3048 291 3116 ²)
310 3047 363 3102 Ubi
373 3047 510 3115 septimo
520 3046 577 3100 sine
587 3045 668 3100 dubio
677 3045 704 3098 in
714 3045 818 3100 XXVII
831 3046 928 3113 corrigi
937 3046 1017 3101 debet
1027 3047 1060 3104 cl.
1069 3048 1218 3103 Mommsen
1228 3049 1300 3107 n.14.
1308 3051 1348 3108 15.

272 3132 291 3200 ³)
310 3131 348 3189 Cf.
367 3145 449 3198 supra
465 3145 492 3187 n.
510 3132 534 3188 1.

269 3267 289 3337 ⁴)
307 3264 384 3323 Fuld.
403 3230 540 3332 agerent
558 3263 591 3322 ci.
609 3264 708 3324 Paean,
721 3266 766 3332 qui
779 3265 892 3319 fortasse
911 3266 983 3333 apud
995 3265 1071 3324 Eutr.
1090 3283 1198 3322 omnes
1217 3278 1352 3337 agerent

201 3350 265 3418 legit
283 3342 422 3422 (τόυτους
441 3345 584 3424 ἐπέστησε
605 3353 680 3417 τοῖς
699 3349 841 3418 λοιποῖς
861 3341 1010 3427 ἡγεμόνας
1031 3354 1092 3408 τῶν
1112 3349 1296 3429 πρακτέων).
1333 3360 1336 3364 ’

269 3436 289 3498 ⁵)
306 3432 368 3490 Vid.
385 3432 443 3490 Lis.
461 3433 482 3489 I.
501 3433 525 3501 8,
543 3432 559 3486 l
577 3431 765 3500 (eonsilium
782 3432 883 3486 viribus
896 3438 975 3500 paret
992 3439 1099 3487 centum
1116 3440 1191 3488 creat
1203 3438 1351 3507 senatores)

202 3533 301 3587 eosque
320 3517 366 3584 qui
388 3522 561 3570 senatores
584 3533 600 3569 a
621 3521 794 3570 senectute
816 3522 925 3571 vocatos
949 3533 1008 3570 esse
1026 3518 1138 3571 tradunt
1159 3533 1182 3576 e.
1204 3535 1244 3586 gr.
1266 3519 1351 3579 Cicer.

202 3601 235 3656 de
253 3617 283 3656 re
301 3618 327 3670 p.
345 3600 380 3658 II.
398 3601 432 3654 28
450 3599 482 3653 de
510 3600 616 3657 Sencot.
634 3599 657 3667 6,
676 3599 708 3651 19
730 3599 803 3657 Flor.
825 3600 847 3658 Ι.
866 3601 880 3653 1
898 3600 969 3658 Plut.
986 3601 1064 3660 Rom.
1084 3602 1116 3655 13
1138 3604 1351 3673 praesertimque

202 3687 312 3741 Festum
325 3701 351 3753 p.
362 3683 520 3738 339Mn11er
538 3685 570 3752 (r.
583 3684 770 3738 Senatores:
789 3700 806 3737 a
823 3691 994 3740 senectute
1013 3685 1140 3739 dicisatis
1153 3692 1260 3741 constat
1272 3704 1351 3755 quos

200 3770 299 3824 initio
330 3768 486 3822 Romulus
518 3767 619 3834 elegit
649 3774 778 3821 centum
808 3783 942 3856 (puerum
972 3769 1112 3823 oonsilio
1144 3786 1166 3828 r.
1196 3787 1222 3839 p.
1250 3771 1349 3826 adrni-

200 3856 494 4009 1118ιζ)ἃΙΓιιΘᾱιῳ)Ἠἰθνοιι
507 3897 645 4004 (Romulus
657 3935 758 4004 prImus
776 3936 874 3989 milites
893 3937 1008 4005 sumpsit
1020 3952 1033 3991 e
1047 3937 1158 4016 populo)
1171 3938 1223 3997 vid.
1236 3939 1350 4009 Syneell.

322 4020 361 4077 16.

199 4037 226 4090 p·
244 4021 349 4173 3272&
368 4103 465 4162 Chron.
484 4112 512 4158 et
528 4106 637 4159 HIeron.
650 4104 745 4159 Isidor.
759 4105 825 4174 orIg.
835 4106 882 4163 IX.
900 4106 916 4160 3
933 4106 987 4164 vid.
1005 4106 1156 4161 Mommsen
1174 4107 1209 4161 ad
1221 4108 1350 4175 Chrongr.

198 4188 216 4246 l·
235 4187 489 4339 αὕῒὲἰὲξοῒγῗι.
507 4272 550 4341 (ex
566 4273 685 4328 Eusebio
703 4279 731 4328 et
748 4274 832 4328 latina
849 4274 911 4331 hist.
929 4276 962 4332 lr.
979 4276 1012 4328 21
1030 4275 1082 4332 rid.
1099 4275 1249 4329 Mommsen
1265 4291 1292 4332 n.
1309 4275 1349 4343 6):

199 4363 227 4411 et
243 4354 424 4409 nobilissimos
443 4364 550 4410 centurn
572 4373 650 4412 senes
668 4358 706 4412 ob
724 4364 867 4413 aetatem
884 4364 1055 4413 senatores
1073 4359 1143 4428 (inde
1161 4359 1257 4417 Isidor.
1279 4359 1297 4414 1.
1316 4361 1349 4429 c.)

199 4442 233 4496 ob
256 4439 458 4492 similitudinem
478 4456 557 4493 curae
579 4448 670 4508 patres
689 4442 833 4509 appellavit
851 4442 906 4510 (lat.
926 4442 989 4499 hist.
1002 4459 1035 4496 er
1048 4442 1156 4501 Sallust.
1175 4443 1252 4500 Catil.
1273 4458 1294 4495 c.
1315 4445 1349 4514 6.)
