3038 4964
670 493 836 556 ..69-

261 700 288 743 1.
316 678 440 742 22-26
472 678 555 761 pacis
587 697 656 741 cum
683 677 835 742 Antiocho
867 670 1049 744 conditionis
1076 680 1162 746 Eutr.
1194 677 1391 762 exponityoap.
1403 700 1432 750 4.)

180 799 256 862 quas
277 779 385 845 Liuius
407 778 567 843 XXXVII.
591 798 615 844 c.
636 779 678 842 45
701 777 876 860 Scipionem
899 779 1048 843 obtulisse
1076 797 1094 842 a
1121 798 1252 862 regeque
1280 798 1332 844 ac-

164 878 286 961 'ceptas
309 898 383 956 esse,
413 896 438 944 c.
460 878 510 955 bb,
539 881 555 940 1
584 897 627 960 sq.
656 898 674 941 a
701 880 810 943 senatu
837 880 1049 961 comprobatas
1082 897 1148 943 esse
1175 880 1278 942 narrat
1305 878 1337 941 et

186 980 309 1061 quidem
331 980 433 1044 omnia
455 996 498 1042 ex
521 979 726 1060 Polybio¹lz
760 998 856 1061 neque
884 980 1052 1061 quidquam
1081 997 1117 1042 ex
1143 978 1212 1043 aliis
1239 978 1336 1060 scrip-

185 1081 303 1145 toribus
337 1080 379 1143 de
407 1079 575 1143 Romana
607 1079 697 1142 huius
729 1079 773 1142 rei
799 1081 971 1144 narratione
999 1080 1076 1143 disci
1101 1081 1204 1162 potest
1230 1098 1337 1142 cume

186 1181 313 1263 Polybio
344 1180 487 1263 (Appiam
511 1180 636 1244 DIodor.
665 1180 696 1242 et
717 1179 825 1244 lustin.
856 1180 971 1245 XXXI.
995 1180 1024 1258 8,
1052 1181 1085 1263 8)
1118 1181 1167 1246 vel
1189 1199 1225 1244 ex
1250 1179 1337 1244 Liuo

186 1281 321 1364 (Zonar.)
345 1300 400 1344 sua
421 1282 632 1362 hauser·unt²):
656 1300 682 1344 v.
705 1279 754 1342 33.
770 1279 845 1361 24³)
867 1280 927 1344 vid.
947 1279 1012 1344 Liv.
1028 1281 1079 1357 45,
1104 1282 1143 1344 13
1167 1281 1199 1342 in
1221 1280 1338 1362 Sprio·

188 1383 235 1445 nis
248 1382 385 1445 oratione
401 1380 580 1464 (postquam
595 1380 771 1445 traiecimus
788 1379 1023 1463 Hellespontum
1040 1385 1223 1462 priusquam
1240 1383 1338 1444 castra

188 1483 269 1564 regis
291 1483 474 1564 priusquam
492 1473 592 1546 'aciem
608 1482 787 1558 videremus,
811 1501 881 1545 curn
903 1480 1074 1545 eommunis
1089 1480 1173 1544 Mars
1196 1483 1227 1544 et
1240 1472 1338 1543 incer-

188 1585 239 1646 tus
262 1582 336 1645 belli
363 1584 491 1646 eventus
513 1585 603 1659 esset,
631 1583 667 1646 de
693 1601 767 1664 pace
794 1583 880 1646 vobis
906 1581 1076 1664 agentibus,
1111 1600 1201 1662 quae
1233 1598 1339 1662 pares

188 1683 342 1765 paribus
370 1683 579 1747 ferebamus
601 1682 862 1765 conditiones⁴)
886 1683 1030 1749 easdem
1054 1701 1151 1746 nunc
1175 1682 1339 1746 violosos

186 1783 300 1847 uictis
327 1783 499 1866 ferimus)
527 1783 561 1847 cf.
584 1783 690 1864 Polyb.
717 1783 802 1848 XXI.
831 1787 870 1845 14
891 1783 958 1849 init.
983 1785 1089 1850 Zonar.
1116 1785 1136 1850 l.
1160 1802 1184 1846 c.
1207 1782 1339 1864 Appian.

187 1885 208 1949 l.
230 1884 288 1965 cf)
311 1920 346 1928 -
374 1903 401 1948 u
424 1884 473 1948 24.
500 1885 555 1946 25:
588 1882 653 1947 Liv.
680 1884 700 1945 l.
731 1903 756 1946 c.
782 1890 801 1962 ς’
830 1884 868 1945 14
890 1885 1047 1968 <Europa
1079 1885 1229 1953 abstinete
1251 1884 1341 1947 Asia

189 1984 284 2047 omni
317 2002 407 2065 quae
441 1985 493 2047 cis
516 1984 674 2048 Taurum
699 1988 857 2047 montem
888 1988 946 2049 est
973 1986 1157 2068 decedite)
1190 1986 1227 2049 ef.
1260 1983 1341 2047 Livii

190 2084 272 2148 locos
295 2104 318 2148 c.
342 2085 392 2161 35,
417 2087 456 2146 lb
479 2084 654 2150 XXXVIII.
677 2085 726 2162 38,
749 2085 777 2147 3.
800 2090 821 2146 4
844 2088 874 2148 et
895 2088 979 2150 locos
1000 2087 1124 2169 Polybii
1146 2087 1340 2168 Appianique

190 2186 372 2267 laudatos‘y.
403 2223 443 2230 —
466 2205 494 2249 1.
517 2187 558 2248 25
585 2187 724 2268 (decem
746 2186 850 2249 milia
872 2188 1120 2270 talentorum)
1148 2188 1225 2252 l'also
1256 2188 1341 2251 Eutr.

256 2455 275 2519 ¹)
293 2453 354 2509 Vid.
373 2454 466 2522 Polyb.
483 2453 556 2510 XXI.
576 2455 616 2510 13.
635 2454 667 2506 14
683 2454 769 2507 XXII.
789 2455 812 2512 V.

255 2539 274 2603 ¹²)
293 2538 354 2594 Vid.
378 2539 476 2592 Nissen
497 2539 572 2591 XIII.
591 2538 607 2607 ξ
625 2541 641 2591 3
658 2539 732 2596 XIV.
750 2539 766 2608 ξ
784 2540 801 2592 4
818 2540 865 2592 ubi
886 2540 1024 2608 praeclare
1048 2541 1202 2609 Appianum
1226 2539 1284 2608 Syr.
1307 2537 1341 2591 3&

191 2621 336 2674 Diodorum
350 2623 448 2679 XXIX.
462 2624 494 2675 13
505 2624 642 2691 Polybio
660 2640 734 2678 usos
754 2624 920 2678 conditiones
932 2627 1008 2693 pacis
1022 2641 1090 2693 quae
1109 2642 1125 2678 a
1138 2625 1261 2693 Scipione
1279 2639 1342 2690 pro·

187 2707 291 2772 positae
312 2716 389 2759 orant
407 2707 677 2776 (naumurum)
696 2725 755 2760 cum
769 2709 877 2763 loedere
895 2725 965 2763 anno
984 2718 1113 2777 sequente
1125 2711 1176 2763 obe
1189 2710 1342 2776 conscripto

187 2797 267 2857 atque
284 2791 383 2858 partim
401 2792 532 2859 iniquiore
552 2793 622 2858 (Liv.
639 2794 791 2850 XXXVIII.
804 2795 837 2847 33
855 2794 948 2864 Polyb.
966 2795 1053 2851 XXII.
1066 2795 1108 2864 ab)
1127 2795 1278 2849 contudisse
1298 2793 1343 2846 do-

185 2876 354 2928 monstravit:
377 2877 475 2933 Zonar.
497 2877 544 2933 IX.
562 2880 595 2930 ab
618 2895 644 2946 p.
662 2880 754 2932 asab
778 2896 878 2948 aequas
901 2881 960 2933 illas
980 2881 1111 2948 Scipionis
1138 2879 1306 2933 conditiones
1326 2896 1342 2930 a

185 2959 288 3013 Manlio
306 2962 422 3014 Volsone
441 2964 600 3029 proconsule
619 2972 776 3030 aggravatas
795 2980 854 3018 csse
872 2966 949 3018 dicit:
968 2965 1015 3018 sed
1034 2981 1101 3031 quae
1115 2979 1242 3034 expresse
1255 2963 1344 3030 affert,

191 3045 298 3097 obsides
311 3046 474 3099 Antiochum
487 3048 551 3102 dare
564 3049 608 3114 (do
621 3048 750 3100 Antiochi
768 3050 823 3101 lilio
836 3050 889 3103 vid.
900 3050 998 3103 Nissen
1010 3067 1036 3116 p.
1049 3051 1108 3117 208)
1122 3060 1149 3103 et
1165 3049 1342 3103 Hannibalem

188 3129 287 3183 dedere
315 3141 439 3184 coactum
467 3148 526 3185 esse
550 3134 602 3185 iam
629 3134 656 3184 in
679 3133 811 3200 ScipIonis
834 3135 1032 3187 combibonibus
1059 3135 1265 3188 continebantur
1291 3133 1343 3188 vid.

188 3215 247 3272 Liv.
268 3216 466 3286 XXXVIIII),
485 3219 517 3270 16
535 3217 628 3286 Polyb.
645 3219 718 3274 XXI.
737 3220 777 3274 14.

255 3300 276 3370 ³)
296 3300 368 3367 Quas
382 3302 548 3356 conditiones
558 3303 662 3360 Ruina
679 3309 795 3357 senatu
808 3305 885 3357 datas
898 3320 957 3358 esse
969 3305 1064 3358 refert:
1077 3305 1130 3360 vid.
1139 3305 1198 3359 Liu.
1207 3302 1344 3357 XXXVII.

188 3387 231 3454 ab,
256 3391 269 3440 1
295 3403 335 3454 sq.
360 3387 463 3455 (Polyb.
481 3387 600 3443 XXIIV
625 3389 658 3445 cl.
675 3389 791 3456 Appiam
814 3405 836 3445 c.
859 3390 891 3442 39
914 3405 987 3446 cons,
1009 3389 1106 3444 Nissen
1128 3389 1146 3445 l.
1164 3389 1197 3458 c.)
1216 3388 1261 3455 qui
1283 3403 1344 3440 con-

189 3477 304 3530 ditiones
333 3491 349 3528 a
368 3476 491 3540 Scipione
509 3475 662 3541 propositas
681 3492 697 3526 a
716 3483 831 3528 senatu
850 3477 1063 3529 confirmatas
1083 3482 1141 3527 esse
1159 3482 1278 3530 narrant.

256 3564 278 3629 4)
295 3563 357 3618 Vid.
376 3561 435 3617 Liu.
454 3576 476 3617 c.
499 3562 540 3627 35,
564 3562 648 3613 u-tb
670 3561 762 3628 Polyb.
779 3561 852 3613 XXI.
877 3563 907 3612 11
929 3562 975 3618 fin.
997 3563 1030 3618 cf.
1047 3561 1146 3628 Zouar,
1168 3577 1195 3626 p.
1216 3561 1266 3614 433
1287 3562 1345 3617 init.

190 3646 298 3714 Appian
317 3646 391 3698 (129
410 3644 520 3713 (Nissen
537 3646 612 3701 XIII.
631 3646 647 3714 ξ
664 3646 700 3714 i).

262 3732 279 3799 ⁵)
300 3733 341 3785 De
361 3748 413 3798 quo
432 3733 463 3783 ol.
482 3733 582 3786 Nissen
599 3733 617 3789 l.
636 3751 658 3789 c.
676 3751 703 3800 p.
720 3733 829 3793 aot—8.

262 3823 281 3888 θ)
300 3819 398 3871 Omnes
416 3816 579 3871 Antiochum
597 3819 676 3873 Asia
698 3838 778 3889 quae
797 3826 843 3879 cis
867 3825 1005 3881 Taurum
1029 3825 1073 3878 sit
1095 3823 1224 3878 decedere
1246 3823 1344 3875 iussum

193 3931 255 3969 esse
276 3914 393 3980 tradunt,
421 3924 489 3977 quae
508 3911 761 3978 Eut1·‚simplicitor
783 3929 847 3965 voce
865 3912 945 3965 Asia
968 3912 1109 3980 expressit,
1128 3912 1185 3964 aevi
1204 3909 1245 3960 sui
1271 3922 1346 3959 usum

192 4009 315 4066 secutus,
334 4015 386 4067 quo
399 3999 445 4051 illa
457 4015 521 4052 voco
534 3998 613 4052 Asia
630 3999 736 4051 minor
749 3999 928 4053 definiebatur
940 4000 1001 4065 (vid.
1013 4000 1040 4050 in
1054 4000 1140 4071 altera
1157 3996 1244 4064 operis
1262 3994 1347 4047 nostri

192 4093 277 4151 parto
305 4085 338 4136 de
362 4084 424 4137 Rufi
453 4099 475 4140 r.
503 4085 534 4136 12
556 4085 744 4151 Ammianiquo
769 4084 842 4139 XIV.
860 4083 884 4151 8,
912 4085 926 4134 ’1
951 4085 1016 4136 laets
1040 4084 1136 4151 quibus
1155 4081 1252 4134 Tauri
1274 4082 1348 4153 iugo

190 4169 293 4220 Asiae
315 4175 343 4221 et
365 4169 488 4222 Orientis
517 4168 653 4221 dioecesos
681 4170 779 4222 divisas
806 4170 888 4223 l'uisse
916 4170 1084 4239 innuerunt);
1111 4170 1233 4224 similiter
1254 4170 1348 4225 lustin.

204 4253 303 4309 XXXI.
316 4253 340 4319 7,
353 4253 369 4305 8
381 4252 445 4322 (rem
464 4253 570 4305 aLivio
588 4254 726 4310 XXXVII.
745 4271 766 4310 r.
784 4254 1121 4324 mimidomensis:
1140 4264 1174 4309 ut
1191 4256 1270 4309 Asia
1287 4255 1348 4308 Ro·

194 4337 302 4389 manis
320 4338 467 4406 coderet,
487 4345 660 4391 contentus
674 4338 788 4406 Syriae
805 4355 904 4406 regno
922 4346 1019 4397 ossot.
1049 4339 1100 4407 Qui
1113 4356 1188 4395 error
1198 4339 1348 4395 levissimus

192 4428 247 4490 est,
278 4437 341 4474 riam
369 4423 533 4489 regionos'o
562 4423 658 4490 quibus
686 4424 836 4477 Antiochus
868 4424 998 4477 derodere
1026 4427 1115 4479 iussus
1142 4433 1208 4494 (rat,
1234 4425 1348 4479 Eumeni
