3038 4964
657 467 825 554 43-

251 653 401 719 Similiter
423 671 502 735 quae
524 670 588 734 cap.
611 651 631 715 3
654 652 740 715 11111.
770 652 807 716 19
835 669 914 715 9119
937 669 957 715 9
978 651 1084 717 Numa
1106 651 1247 719 ordinato
1272 667 1322 715 re·

167 754 226 819 fert
258 753 409 832 (annum
443 751 671 834 descripsit,
704 751 741 815 in
773 750 903 814 decem
935 769 1075 816 menses
1107 750 1209 835 prius
1241 749 1319 815 sine

167 854 297 936 aliqua
318 852 593 936 supputatione
615 850 831 933 confusum)
853 849 918 914 iam
939 850 1063 933 quidem
1088 851 1170 935 apud
1196 849 1321 915 Livium

169 956 192 1020 1.
217 953 265 1032 19,
287 953 307 1017 6
329 953 374 1035 (in
396 952 557 1016 duodecim
578 971 701 1017 menses
731 949 875 1016 describit
901 950 1029 1034 annum)
1059 951 1256 1017 inveniuntur
1283 949 1320 1016 cf.
1413 939 1418 948 ’

168 1057 271 1119 tamen
292 1053 376 1118 locos
399 1053 436 1117 de
457 1071 552 1118 anno
575 1052 764 1133 Remuli)
788 1049 1010 1133 Hieronymi
1041 1051 1094 1116 lat.
1121 1052 1193 1117 hist.
1220 1050 1256 1115 fr.
1279 1049 1321 1114 22

170 1153 351 1236 (secundum
383 1154 533 1235 quosdam
560 1153 711 1219 Romulus
743 1150 905 1234 descripsit
936 1150 968 1214 in
996 1150 1025 1214 X
1054 1170 1174 1217 menses
1206 1171 1323 1217 annum
1348 1193 1350 1195 -

168 1253 310 1337 prins)
333 1254 412 1318 sinc
434 1253 564 1336 aliqua
586 1251 857 1336 supputatione
878 1250 1086 1335 confusum)
1102 1255 1133 1317 et
1156 1253 1320 1320 Chrono-

169 1341 308 1437 graphi
347 1353 411 1438 (hic
448 1356 479 1420 X
514 1372 636 1418 menses
673 1352 706 1415 in
742 1371 856 1416 annum
894 1351 1056 1416 oonst'tuit
1087 1372 1106 1417 a
1138 1352 1251 1418 Martio
1287 1352 1321 1416 in

171 1453 389 1538 Decembrem)
428 1454 548 1536 deque
585 1471 683 1518 anno
720 1452 860 1516 Numae
898 1452 1030 1519 Euseb.
1062 1453 1183 1536 (Numa
1215 1454 1321 1537 Pomp.

172 1554 247 1619 dues
282 1573 404 1621 menses
444 1573 523 1620 anno
560 1552 679 1618 addidit
715 1551 891 1639 Ippuarium
936 1554 967 1616 et
1002 1551 1202 1618 Februarium
1245 1573 1320 1637 quo·

172 1654 254 1719 niam
285 1653 370 1737 prius
405 1656 436 1720 X
473 1654 629 1720 mensibus
661 1642 885 1735 appellabatur:
927 1669 963 1715 ex
995 1651 1105 1719 Euseb.
1144 1652 1321 1737 Hieronym.
1433 1670 1436 1675 ⁴

173 1754 305 1837 Syncell.
343 1773 372 1837 p.
403 1755 480 1834 398,
510 1756 531 1820 4
564 1755 674 1820 Chron.
706 1752 808 1835 pasch.
845 1773 874 1835 p.
908 1751 984 1830 218,
1018 1752 1090 1834 13),
1124 1752 1321 1838 chronogr.

173 1855 235 1933 (hio
261 1855 338 1920 duos
369 1855 489 1920 menses
514 1855 553 1919 ad
573 1854 603 1918 X
623 1871 744 1918 menses
763 1851 888 1917 Romuli
909 1851 1046 1917 instituit
1065 1847 1240 1919 Ianuarium
1262 1854 1322 1920 diis

174 1953 291 2038 superis
305 1955 506 2021 Februarium
527 1956 587 2020 diis
608 1952 727 2037 inferis)
750 1954 780 2017 et
801 1952 1028 2036 (Victorem)
1051 1953 1088 2017 19
1109 1953 1163 2019 vir.
1186 1953 1232 2020 ill.
1255 1973 1281 2020 e.
1302 1956 1323 2021 3

174 2055 301 2138 (annum
323 2055 354 2120 in
368 2056 429 2123 XII
444 2075 564 2121 menses
580 2052 737 2119 distribuit
750 2052 879 2118 adiectis
892 2053 1033 2119 Ianuario
1055 2056 1086 2119 et
1099 2052 1263 2121 Februario
1270 2056 1321 2140 ³)).

258 2153 303 2220 Cf.
336 2156 465 2239 denique
493 2157 530 2221 de
557 2156 645 2226 Eutr.
673 2173 737 2236 cap.
763 2153 785 2217 5
813 2154 928 2237 (apud
960 2153 1120 2236 [ostium
1152 2154 1323 2238 Tiberis]

175 2255 320 2321 Ostiam
354 2256 553 2322 civitatem
582 2273 695 2339 supra
727 2273 827 2320 mare
852 2253 927 2318 XVI
955 2253 1129 2319 miliario
1164 2256 1206 2319 ab
1236 2275 1265 2322 u
1286 2258 1323 2323 R.

174 2356 363 2440 condidit)
389 2356 455 2424 Liv.
485 2358 508 2421 l.
537 2356 588 2435 33,
620 2355 640 2418 9
666 2357 776 2439 (usque
802 2353 842 2419 ad
868 2372 951 2419 mare
976 2354 1139 2437 imperium
1170 2356 1324 2437 prolatum

174 2456 205 2520 et
230 2455 334 2521 inore
357 2456 475 2523 Tiberis
498 2456 585 2522 Ostia
607 2455 680 2520 urbs
702 2455 838 2538 condita)
866 2455 960 2521 Cicer.
984 2454 1021 2519 de
1042 2473 1125 2538 rep.
1148 2456 1188 2521 II.
1214 2455 1261 2534 18,
1284 2456 1325 2519 33

174 2555 267 2620 etiam
293 2556 529 2641 (Victorem)
558 2557 595 2621 de
616 2577 645 2622 v.
669 2555 689 2620 i.
712 2575 737 2620 9.
758 2554 780 2618 5
802 2558 832 2621 91
859 2555 1064 2638 chronogr.
1086 2554 1222 2639 (Ostiam
1242 2557 1324 2622 colo-

174 2655 258 2721 niam
278 2657 426 2739 condidit)
448 2665 469 2739 ).
1064 2689 1066 2692 ·

256 2755 375 2822 Horum
390 2758 507 2822 omium
521 2757 652 2841 plurima
667 2775 739 2822 sane
761 2756 842 2839 apud
855 2755 979 2822 Livium
994 2775 1115 2840 qnoque
1129 2755 1326 2822 inueniuntur

174 2857 227 2920 991
262 2856 299 2921 ab
320 2857 404 2922 Eutr.
428 2875 464 2921 ex
485 2857 569 2923 fonte
591 2857 726 2940 quodam
756 2857 789 2919 in
816 2873 878 2938 quo
904 2855 1032 2922 Liviana
1053 2877 1123 2922 cum
1148 2856 1326 2940 posterioris

177 2956 303 3039 origInis
324 2957 544 3022 addItamentis
565 2956 742 3021 intermixta
761 2956 824 3021 sint
845 2959 876 3020 et
897 2957 952 3040 qni
972 2957 1128 3024 interdum
1150 2957 1243 3023 etiam
1257 2976 1326 3023 nar·

175 3057 325 3123 rationem
356 3057 484 3124 Liviana
515 3057 720 3141 antiquiorem
747 3059 862 3135 servet,
899 3058 1010 3124 hausta
1042 3059 1140 3143 esse)
1171 3059 1326 3125 ridentur:

177 3176 296 3241 appono
318 3157 455 3241 exempla
478 3158 589 3241 quibus
611 3177 629 3222 a
649 3156 736 3221 Livio
759 3156 910 3222 diversam
928 3158 1127 3225 traditionem
1141 3159 1327 3244 Eutropium

178 3259 318 3322 secutum
339 3259 581 3342 esseinterdum
603 3258 762 3341 probatur:
811 3298 814 3301 .

265 3358 338 3441 Cap.
360 3359 396 3423 6:
419 3359 602 3424 deseratus
627 3378 646 3424 9
667 3357 832 3441 Tarquinio
854 3358 959 3424 Prisco
984 3359 1066 3424 facta
1092 3359 1328 3444 amplificatione

176 3459 268 3524 uerba
289 3457 412 3535 faciens,
435 3458 546 3524 1911911
569 3459 660 3524 huius
682 3458 726 3524 rei
740 3458 820 3542 apud
843 3458 1063 3526 Ciceronem
1087 3460 1202 3526 solurn
1225 3480 1327 3528 serva-

176 3559 238 3624 tam
263 3561 334 3623 ante
357 3558 460 3625 oculos
481 3559 624 3625 habuisse
645 3560 767 3626 videtur
788 3559 998 3641 (numerum
1020 3562 1238 3628 senatorum
1259 3561 1327 3627 du-

177 3659 342 3740 plicauit
362 3659 456 3726 Cicer.
479 3661 516 3724 de
537 3680 570 3725 re
591 3680 620 3743 p.
645 3662 683 3726 II.
699 3659 749 3738 20,
765 3659 807 3723 35
828 3660 979 3744 principio
1002 3661 1217 3745 duplicauit
1238 3661 1336 3730 illum

248 3844 267 3914 ¹)
285 3843 324 3902 Cf.
342 3844 413 3901 Plut.
429 3843 509 3902 Num.
528 3845 568 3902 18.

244 3929 266 3997 ²)
283 3927 345 3986 Vid.
362 3927 513 3983 Mommsen
530 3928 566 3983 ad
582 3927 693 3987 Hieron.
711 3947 737 3998 p.
756 3930 805 3983 691
823 3945 849 3986 1.
868 3929 892 3986 I.

246 4013 266 4082 ²)
284 4012 360 4066 Alios
377 4012 451 4067 locos
469 4011 522 4071 vid.
540 4012 612 4081 apud
630 4012 825 4080 Schweglerum
842 4013 864 4070 1.
881 4031 908 4082 p.
925 4015 1019 4071 5491.
1036 4014 1061 4071 3.

244 4097 264 4165 ⁴)
281 4095 358 4149 Alios
375 4095 448 4151 19999
466 4096 519 4155 vid.
536 4096 601 4156 ibid.
618 4114 643 4166 p.
662 4097 801 4154 600151
819 4114 854 4151 ex
870 4097 1001 4166 Eutropio
1024 4112 1073 4150 sua
1094 4097 1196 4150 habent
1218 4097 1327 4156 Hieron.

179 4181 226 4250 (ex
238 4195 270 4235 eo
289 4179 435 4249 Cassidor.)
453 4186 482 4234 91
498 4180 633 4234 Iohannes
651 4181 715 4238 Ant.
733 4173 1327 4249 9111091191.ρ.148081119111Ὤ9119(

178 4266 214 4323 91.
232 4265 354 4320 Servium
371 4279 477 4333 quoque
490 4265 524 4319 ad
541 4265 615 4332 virg.
633 4265 701 4322 Aen.
719 4265 764 4319 VI.
782 4264 840 4321 816.

246 4349 265 4419 ⁸)
281 4347 344 4404 vid.
362 4346 396 4402 de
414 4347 465 4404 hac
483 4364 512 4403 re
530 4348 680 4403 Mommsen
698 4348 811 4414 Quollen
828 4348 875 4402 des
894 4348 1005 4406 Hieron.
1022 4365 1048 4417 p.
1068 4349 1124 4402 680.
