3038 4964
664 447 769 510 „44
799 484 829 493 .-

175 632 337 716 pristinum
375 631 552 714 petrum)
589 648 779 696 numerum
812 631 844 694 et
874 629 1017 712 antiquos
1048 630 1151 714 putres
1178 628 1330 696 muiomm

175 731 314 815 gentium
348 730 515 814 appellent
547 749 623 813 quos
659 730 776 813 priores
811 729 993 794 sententium
1019 729 1147 812 rogabat
1172 750 1192 795 a
1222 748 1257 795 se
1281 730 1330 794 al·

175 831 272 896 lectos
293 830 458 912 minorum)
473 848 542 895 oum
557 848 662 894 omnes
676 829 730 893 alii
745 829 907 911 scriptores
923 828 1040 912 (Livius
1056 848 1176 912 quoque
1191 828 1277 908 135,
1293 829 1328 912 6)

176 939 323 997 centum
346 932 384 996 ab
407 929 494 996 eoin
522 932 626 1013 patres
652 929 778 995 allectos
806 929 870 996 scii
899 929 1025 995 dimidio
1052 931 1173 994 mutum
1203 930 1327 1011 petrum

175 1050 335 1097 numerum
369 1032 406 1095 ab
434 1049 469 1095 eo
499 1033 622 1095 auctum
656 1048 722 1094 esse
752 1030 911 1107 referrent:
945 1047 1043 1111 nequo
1071 1029 1213 1111 equidem
1240 1031 1328 1095 Eutr.

176 1131 286 1213 11611)
309 1131 400 1195 rerba
419 1131 498 1196 mele
521 1128 707 1194 intellexisse
715 1131 740 1212 ³)
761 1131 930 1213 putaverim
954 1129 1007 1195 sed
1029 1129 1109 1213 opud
1131 1148 1201 1194 eum
1223 1128 1329 1194 6101-

176 1250 314 1296 oeronem
337 1231 429 1295 aliurn
451 1231 542 1295 huius
564 1229 609 1294 rei
629 1230 753 1307 famem,
783 1248 861 1312 quoe
882 1230 1012 1295 fortasse
1038 1249 1073 1294 ex
1101 1249 1173 1295 voce
1200 1232 1329 1313 patres

177 1331 210 1396 iu
231 1331 314 1397 fonte
336 1331 373 1395 de
394 1330 532 1412 patriciis
553 1333 701 1412 usurpata
722 1331 759 1395 ab
782 1329 821 1394 iis
844 1329 880 1394 do
902 1330 1150 1395 senatoribus
1171 1330 1330 1396 intellecta

176 1434 243 1496 orte
265 1431 347 1513 611),
370 1433 488 1494 exstare
510 1429 647 1495 ooniieio.

261 1531 335 1615 Cep.
352 1530 387 1594 7:
409 1529 446 1594 do
468 1529 652 1614 Sabinis⁵)
675 1529 1005 1619 subactisuSorvio
1023 1531 1124 1596 Tullio
1146 1529 1224 1594 nihil
1245 1531 1329 1613 apud

176 1631 297 1697 Livium
329 1630 429 1713 leges:
467 1629 527 1693 nisi
564 1629 745 1711 simpliciter
783 1630 872 1695 Eutr.
912 1629 1040 1696 Sabinos
1078 1650 1147 1697 cum
1186 1630 1329 1694 Etruscis

175 1731 254 1815 (Liv.
278 1734 301 1798 1.
321 1731 372 1808 42,
395 1730 424 1794 2.
447 1729 481 1815 3)
504 1728 714 1814 confuderit⁸)‚
741 1730 870 1795 fortasse
891 1729 930 1794 cd
951 1748 987 1794 ee
1013 1749 1091 1813 quae
1118 1731 1329 1814 Dionysius

177 1832 229 1899 IV.
252 1832 273 1895 3
299 1831 336 1896 of.
360 1829 496 1895 Frontin.
518 1828 610 1894 Strot
633 1829 672 1895 11.
695 1829 724 1907 8,
749 1831 764 1893 1
793 1830 830 1894 16
851 1830 943 1896 rebus
970 1830 1115 1898 uServio
1141 1832 1221 1897 bello
1251 1831 1329 1897 Tar-

176 1931 275 2014 quinii
297 1931 396 1996 Prisci
417 1931 523 1995 contra
544 1928 674 1994 Sabinos
695 1930 792 2012 gestis
814 1933 939 1994 narrant
960 1933 1127 2013 spectabat.

260 2032 337 2098 Ibid.
363 2050 434 2097 oum
460 2031 498 2095 de
526 2048 619 2095 censu
648 2028 794 2095 eServio
817 2029 920 2096 Tullio
943 2031 1082 2097 ordinato
1110 2032 1214 2114 egeret
1239 2033 1327 2098 Eutr.

178 2131 428 2218 (domineco,
442 2131 495 2208 12)
513 2128 1328 2216 numerumillum—octogintatriumilie⁷)—

178 2233 292 2299 oivium
307 2233 435 2298 Romam
449 2228 594 2296 habuisse
608 2249 689 2296 oum
704 2229 763 2294 his
778 2231 843 2314 qui
864 2231 901 2295 in
922 2232 1026 2315 egris
1041 2231 1180 2316 erunt⁸)
1202 2231 1327 2297 adiecit:

178 2352 258 2418 quae
279 2331 385 2399 Livius
407 2352 469 2398 nou
491 2331 591 2398 solum
613 2350 674 2396 non
695 2331 815 2397 exhibet
837 2332 1003 2398 sedetiam
1026 2333 1184 2399 excludere
1205 2331 1328 2399 videtur

176 2454 245 2499 cum
267 2435 291 2499 Ι.
312 2433 363 2511 43,
387 2432 426 2497 13
448 2431 586 2498 Servium
608 2432 729 2498 tentum
746 2435 934 2514 quattuor
949 2433 1115 2498 urbanas
1136 2434 1262 2500 tribus
1277 2434 1326 2498 in-

177 2534 316 2600 stituisse
338 2532 460 2598 dixerit:
483 2533 612 2598 eundum
640 2550 732 2614 quam
759 2531 867 2598 Livius
893 2533 1006 2599 famam
1033 2534 1167 2617 (Victor)
1195 2534 1231 2598 de
1253 2555 1281 2600 v.
1304 2535 1324 2600 i.

176 2655 201 2701 c.
219 2643 236 2700 7
249 2633 424 2717 6611761111),
439 2633 493 2698 661
508 2633 696 2715 antiquiores
711 2632 874 2716 scriptores
889 2634 949 2699 iam
964 2633 1134 2700 rusticas
1156 2633 1286 2700 tribus
1309 2654 1328 2699 a

244 2771 262 2837 1)
279 2770 364 2835 Quum
376 2782 467 2821 vocem
481 2767 635 2821 Ciceronem
648 2767 681 2821 de
693 2765 910 2820 senatoribus
928 2782 1072 2836 usrupesse
1085 2767 1214 2836 exipsius
1236 2767 1326 2821 verbis

176 2867 257 2920 quos
275 2851 404 2918 priores
423 2851 622 2920 sententiam
640 2849 781 2918 roga'but
803 2850 898 2908 elucet.

243 2934 332 3005 1)061
350 2949 414 2987 sone
431 2935 489 3003 ipse
508 2942 617 2989 senatus
634 2941 697 3002 post
718 2934 813 2988 foedus
836 2950 896 2988 cum
913 2935 993 2988 Tatio
1012 2939 1046 3002 (c.
1067 2934 1111 3003 13)
1134 2935 1324 3004 duplicationis

176 3036 231 3074 non
248 3018 385 3073 meminit2·
398 3019 490 3085 itaque
507 3017 607 3072 iactum
625 3034 684 3072 esse
703 3024 793 3087 potest
814 3025 845 3071 ut
861 3019 939 3076 Eutr.
961 3018 1027 3072 loeis
1045 3018 1115 3072 Livii
1138 3021 1160 3077 I.
1177 3020 1202 3089 8,
1225 3020 1240 3074 1
1259 3026 1288 3073 et
1304 3020 1327 3077 l.

176 3105 218 3174 35,
236 3104 253 3158 6
270 3103 432 3171 comparatis
450 3117 499 3156 suu
515 3103 646 3161 finxisset.

244 3191 265 3257 ³)
283 3187 343 3243 vio.
362 3187 395 3244 U.
412 3187 556 3241 Koehler
574 3203 627 3256 que
639 3188 775 3242 vrationem
794 3187 826 3246 T.
839 3187 908 3241 Livii
927 3187 1069 3242 annalibus
1081 3187 1123 3241 usi
1135 3188 1189 3240 sint
1201 3187 1325 3241 historici

177 3273 256 3328 latini
273 3278 301 3327 et
317 3272 407 3339 graeci
426 3271 561 3339 Goetting.
579 3272 646 3325 1370
663 3288 689 3340 p.
706 3273 747 3329 40.
984 3267 987 3270 ⁴

243 3359 264 3427 ι)
282 3356 343 3413 Vid.
361 3371 430 3425 quae
448 3356 481 3410 de
494 3357 631 3411 Ciceronis
648 3357 708 3409 loeo
726 3357 910 3410 disseruerunt
927 3354 1077 3409 Mommsen
1090 3360 1155 3414 rdm.
1174 3355 1327 3409 Forschun-

174 3458 226 3510 gen
243 3460 270 3511 p.
287 3441 337 3495 222
364 3457 390 3499 6.
408 3443 424 3496 7
442 3440 594 3507 Schwegler
611 3440 632 3498 I.
650 3456 676 3506 p.
694 3439 744 3493 686
762 3455 802 3507 sq.
821 3440 857 3508 (p.
876 3440 927 3492 687
944 3456 970 3498 6.
987 3439 1014 3506 3)
1032 3456 1058 3507 p.
1077 3440 1127 3493 601
1145 3440 1181 3509 (6.
1193 3439 1221 3507 2)
1240 3454 1280 3506 sq.
1298 3446 1326 3492 et

175 3546 202 3597 p.
219 3530 271 3584 660
287 3545 313 3586 n.
331 3527 348 3580 3
364 3525 470 3580 Becker
487 3541 508 3582 r.
525 3527 558 3582 A.
576 3525 612 3582 11.
631 3526 645 3577 1
662 3540 689 3592 p.
706 3523 757 3577 341
775 3539 814 3591 sq.

244 3615 264 3683 5)
282 3611 360 3670 Fuld.
379 3610 481 3664 Senos
498 3625 549 3678 pro
568 3609 705 3662 Sabinos
725 3609 799 3676 legit,

242 3699 264 3768 6)
282 3696 343 3754 Vid.
360 3694 480 3750 Koehler
496 3694 514 3750 l.
532 3709 555 3750 o.

244 3783 264 3850 ⁷)
281 3780 415 3835 Numerus
433 3778 509 3834 Eutr.
532 3793 548 3830 6
569 3776 666 3830 liviano
693 3776 814 3830 diversus
833 3781 890 3829 est:
916 3776 1009 3829 Livius
1031 3774 1080 3843 (ex
1097 3774 1212 3843 Fabio)
1235 3779 1325 3826 octo·

175 3866 266 3935 ginta
282 3865 357 3919 milia
375 3864 472 3918 ciuium
491 3876 572 3915 censu
590 3877 649 3914 esse
668 3861 741 3930 dicit,
753 3862 830 3918 Eutr.
849 3861 1020 3926 octoginta
1037 3859 1104 3912 tria
1121 3856 1207 3927 (Fuld.
1220 3856 1325 3913 Leidl

175 3951 288 4019 Peeun.;
301 3948 371 4017 opud
381 3949 494 4002 Paulum
513 3946 681 4011 octoginta
699 3950 854 4012 quattuor
871 3949 1046 3997 numerentur
1063 3944 1097 4000 of.
1106 3943 1192 3996 84700
1204 3941 1325 4009 Dionysii

175 4035 222 4091 IV.
238 4035 295 4104 22);
313 4033 427 4085 fortasse
446 4038 536 4085 temen
554 4029 643 4083 scribe
659 4029 729 4082 mole
745 4028 887 4081 LXXXHI
906 4029 947 4081 uel
965 4027 1103 4081 LXXXIV
1127 4043 1177 4095 pro
1194 4025 1325 4079 LXXXM

174 4119 216 4173 vel
245 4117 391 4172 LXXXMI
412 4117 478 4183 legit
500 4114 696 4184 (animadverte
720 4115 847 4181 optimum
871 4113 990 4166 codicem
1011 4110 1089 4168 Fuld.
1115 4126 1206 4165 vocem
1233 4109 1326 4161 milia

176 4202 318 4270 omittere).

243 4288 262 4355 ⁸)
280 4286 322 4339 Ex
339 4286 416 4342 Eutr.
435 4284 538 4339 Cedren
556 4302 582 4353 p.
601 4284 650 4338 149
668 4283 726 4340 init.

241 4372 262 4441 9)
280 4371 341 4427 Vid.
360 4368 510 4434 Schwegler
526 4385 552 4435 p.
571 4368 620 4422 731
637 4385 663 4425 n.
681 4368 696 4419 1
715 4371 743 4419 et
759 4366 831 4419 locos
850 4382 875 4432 p.
893 4365 943 4419 736
959 4380 985 4421 6.
1002 4364 1019 4416 2
1037 4362 1141 4420 allatos.
