3038 4964
673 455 841 521 ...28-

270 642 302 724 2)
327 639 511 721 Quattuor
538 660 604 724 pro
627 642 794 724 quinque
816 640 973 706 livianis
994 642 1062 725 (Vl.
1078 643 1128 721 35,
1144 645 1340 726 10)annos-

194 742 331 825 quibus
354 743 453 807 nulli
482 742 630 806 curules
657 742 908 823 magistratus
931 745 1069 809 Romae
1098 744 1256 809 fuerunt
1278 746 1340 809 Eu-

186 843 314 925 tropll.
337 842 357 906 3
378 843 475 907 Rufus
498 843 554 908 lc.
579 841 741 906 Cassiodor
763 841 801 904 ad
822 861 848 906 a.
865 842 927 905 362
949 847 1120 926 apponunt:
1144 865 1236 927 quem
1258 864 1339 910 erro-

184 965 250 1009 rem
271 944 487 1026 pervulgatum
509 962 575 1008 esse
597 944 717 1006 constat
739 944 770 1006 et
791 942 854 1005 iam
875 943 907 1006 in
936 943 1021 1008 Fabii
1042 944 1147 1008 latinis
1178 944 1340 1009 annalibus

186 1047 279 1127 atque
311 1044 392 1126 apud
425 1042 576 1125 plurimos
604 1041 767 1125 scriptores
794 1063 865 1106 cum
894 1045 1076 1109 annalistico
1111 1045 1196 1110 fonte
1211 1045 1235 1122 ¹)
1273 1047 1341 1109 turn

187 1145 281 1210 etiam
303 1143 392 1207 lastis
415 1142 631 1225 quibusdam)
655 1161 728 1207 usos
751 1146 878 1207 exstare.

269 1244 303 1326 3)
327 1244 407 1309 Cum
427 1243 475 1307 his
497 1246 563 1308 arte
585 1244 738 1320 cohaeret,
766 1243 862 1310 immo
890 1244 1015 1309 maioris
1045 1264 1166 1327 quoque
1187 1245 1226 1308 ad
1248 1247 1303 1309 nat
1325 1281 1340 1293 -

186 1365 254 1411 ram
285 1343 394 1421 fontis,
428 1362 488 1427 quo
522 1344 584 1408 tres
611 1343 728 1408 laudati
751 1344 913 1425 scriptores
939 1345 987 1409 usi
1016 1347 1101 1423 sunt,
1135 1345 1341 1428 indagandam

186 1445 336 1511 momenti
358 1447 405 1509 est
425 1444 538 1521 ratio,
567 1462 676 1527 quam
698 1443 735 1506 in
757 1443 880 1522 annis,
911 1445 1044 1527 quibus
1066 1445 1215 1510 tribuni
1237 1446 1340 1510 mili-

186 1547 263 1610 tum
286 1544 478 1610 consulari
499 1545 690 1627 potestate
712 1543 749 1605 in
771 1543 852 1608 loeo
875 1546 1071 1610 consulum
1093 1546 1214 1610 creati
1237 1549 1339 1624 sunt,

187 1645 463 1728 computandis
499 1643 774 1709 adhibuerunt:
811 1646 846 1708 ut
881 1645 1011 1710 breviter
1047 1665 1199 1711 summam
1235 1665 1341 1710 eorum

189 1747 298 1813 erroris
326 1746 494 1830 exprimam
529 1745 769 1810 tribunorum
804 1743 879 1809 mil.
913 1765 1033 1811 annos
1069 1745 1339 1811 consularibus

188 1848 300 1913 annis
326 1842 583 1928 interpositos
611 1845 651 1927 (a.
675 1865 752 1910 van.
779 1845 959 1930 316-362)
991 1847 1185 1911 omittunt:
1213 1850 1244 1911 et
1270 1846 1339 1928 qui-

188 1949 257 2012 dem
278 1947 420 2029 Eutropii
447 1947 562 2012 lentem
584 1947 659 2009 baec
687 1945 796 2011 fecisse
817 1946 887 2010 inde
910 1948 1019 2023 elucet,
1042 1947 1125 2030 qnod
1147 1947 1340 2012 tribunorum

188 2049 287 2131 ipsam
308 2047 534 2112 institutionem
562 2046 619 2111 sub
642 2065 720 2111 anno
743 2047 868 2111 demum
889 2047 952 2111 366
973 2050 1009 2111 ut
1030 2067 1142 2112 nevam
1163 2048 1252 2129 plane
1272 2064 1339 2110 rem

189 2149 408 2215 commemorat
429 2147 480 2229 (ll
495 2147 541 2228 l);
564 2150 699 2212 ceterum
716 2147 916 2213 Cassiodorus
939 2147 1062 2230 singula
1083 2166 1190 2213 eorum
1212 2145 1340 2229 collegia

190 2248 308 2314 emittit
335 2248 367 2312 in
395 2267 597 2330 eorumque
611 2247 635 2331 ³)
668 2249 699 2311 et
727 2246 820 2310 trium
847 2249 897 2312 vel
931 2248 1092 2331 (Eutropio
1120 2248 1151 2312 et
1171 2247 1251 2312 Rufo
1278 2247 1339 2313 vid.

189 2369 282 2433 supra
303 2351 360 2414 sub
382 2349 430 2413 lit.
455 2348 470 2409 1
495 2347 690 2431 comparatis)
713 2347 840 2430 potius
863 2348 1019 2413 duorum
1041 2347 1339 2412 decemvirorum

185 2468 368 2513 annorum
389 2450 490 2514 locum
512 2449 567 2513 XL
597 2448 893 2513 decemvirorum
920 2467 1036 2514 annos
1063 2447 1213 2512 inducit
1236 2449 1288 2530 (ad
1310 2466 1337 2513 a.

185 2549 277 2633 302)
307 2569 383 2632 quae
409 2549 582 2614 lucubratio
610 2549 648 2612 ab
670 2549 817 2631 Eutropio
840 2567 913 2613 sane
935 2549 1034 2613 aliena
1056 2550 1103 2613 est
1124 2550 1156 2613 et
1177 2566 1195 2611 a
1218 2547 1339 2612 Cassio·

187 2651 260 2716 doro
282 2652 318 2714 ut
339 2670 499 2715 numerum
522 2668 613 2731 quern
636 2649 775 2713 exhibere
798 2647 918 2713 videtur
939 2649 1052 2714 liberae
1073 2648 1118 2713 rei
1139 2670 1167 2731 p.
1190 2666 1339 2712 annorum

186 2752 295 2834 (usque
318 2752 357 2816 ad
372 2770 397 2816 a.
414 2770 491 2815 varr.
509 2748 583 2831 706)
604 2748 666 2812 461
688 2749 751 2813 462
772 2750 822 2814 vel
844 2749 906 2813 463
914 2748 938 2834 ⁴)
961 2749 1093 2814 efficeret
1114 2748 1251 2814 adhibita
1272 2767 1338 2814 esse

254 2919 272 2987 ¹)
289 2917 349 2972 Vid.
368 2917 519 2969 Mommsen
540 2932 561 2968 r.
580 2916 641 2969 Chr.
664 2932 690 2984 p.
708 2916 759 2970 264
775 2933 802 2974 n.
820 2916 882 2970 393:
904 2921 1013 2985 praeter
1030 2917 1107 2975 Eutr.
1124 2915 1223 2970 Rufum
1245 2915 1288 2984 (ex
1306 2930 1339 2968 eo

186 3002 337 3071 Iordanem)
362 3001 394 3054 cf.
414 3000 601 3054 Cassiodorum
623 3000 675 3053 huc
698 3001 818 3068 pertinet
834 3000 954 3054 eiusdem
973 3001 1073 3055 saeculi
1091 3002 1206 3071 scriptor
1222 3000 1338 3068 Vopis-

187 3102 244 3140 cus
266 3087 351 3140 Tacit.
376 3086 399 3142 1.
426 3090 506 3152 atque
525 3099 604 3152 quem
625 3084 775 3138 Mommsen
802 3085 892 3138 omisit
917 3085 977 3138 Dio
1004 3086 1076 3153 apud
1096 3085 1195 3142 Zonar.
1217 3085 1276 3139 Vll.
1305 3084 1339 3138 24

189 3186 215 3238 p.
234 3170 325 3224 3le
348 3168 454 3237 (paucis
472 3169 595 3237 superius
613 3183 672 3222 cum
690 3168 783 3237 fragm.
800 3169 879 3222 Dion.
898 3169 943 3237 23,
962 3169 985 3225 1.
1003 3170 1028 3224 2.
1046 3169 1185 3239 concinit)
1217 3161 1258 3238 ὡς
1288 3164 1337 3224 καὶ

187 3252 233 3311 ἐπὶ
259 3249 461 3330 τέσσαρσιν
491 3246 616 3310 ἔτεσιν
648 3248 794 3328 ἀναρχίαν
823 3247 964 3330 γενέσθαι
995 3253 1039 3333 τῷ
1069 3245 1166 3335 δήμῳ.
1189 3255 1339 3311 -Verum
1404 3251 1406 3256 '

186 3353 325 3392 numerum
343 3343 453 3406 praeter
469 3338 575 3390 Livium
592 3338 684 3406 Lydus
703 3354 810 3405 quoque
830 3338 863 3392 de
881 3354 950 3407 mag.
968 3339 989 3391 I.
1008 3339 1042 3394 33
1059 3339 1177 3398 exhibet.

254 3422 423 3494 ²)Nimirum
440 3421 555 3475 Idatium
578 3422 623 3491 (de
646 3438 698 3489 quo
720 3422 771 3475 vid.
794 3421 864 3476 infra
886 3439 911 3491 p.
929 3424 963 3476 23
980 3440 1006 3476 n.
1023 3423 1064 3493 3);
1087 3439 1178 3478 verum
1199 3438 1338 3477 numerum

187 3509 333 3576 chronogr.
351 3522 375 3560 a.
393 3506 445 3561 364
462 3505 579 3562 exhibet.

253 3593 272 3662 3)
290 3593 356 3646 Cum
374 3605 460 3644 annus
478 3589 528 3643 310
546 3589 669 3643 consules
687 3605 793 3657 quoque
811 3591 1022 3660 habuerit,quos
1040 3592 1111 3646 solos
1124 3593 1274 3647 cassiodor.
1293 3608 1338 3646 ex·

187 3677 264 3731 hibet
281 3676 337 3746 (rid
355 3689 438 3744 supra
453 3690 480 3742 p.
498 3673 532 3727 18
549 3690 574 3731 n.
593 3673 626 3742 6),
643 3673 679 3727 29
696 3673 809 3742 collegia
827 3675 994 3729 tribunorum
1013 3693 1030 3730 a
1046 3676 1123 3730 Livio
1140 3678 1338 3732 nominatorum

187 3777 204 3814 a
222 3760 383 3815 Cassiodoro
401 3757 557 3812 omissorum
576 3763 686 3811 exstant
703 3758 789 3827 (annis
806 3759 865 3816 316.
883 3760 942 3816 321.
952 3760 1010 3818 322.
1027 3760 1172 3819 323-336.
1185 3761 1243 3819 332.
1254 3761 1339 3815 334-

186 3845 244 3902 346,
262 3844 413 3912 346-366),
443 3842 516 3895 Anni
528 3842 578 3895 316
590 3842 757 3897 tribunorum
775 3843 884 3897 nomina
900 3843 1026 3913 Eutropii
1043 3861 1149 3913 quoque
1167 3845 1268 3900 fontem
1285 3845 1338 3900 for-

186 3932 259 3982 tasse
277 3928 399 3982 omisisse
422 3942 504 3995 supra
526 3926 564 3996 (p.
589 3927 633 3995 18)
659 3928 816 3982 innuimuis:
838 3944 882 3982 res
905 3929 975 3983 enim
993 3929 1020 3987 h.
1044 3945 1068 3987 a.
1086 3936 1176 3997 gestas
1193 3937 1339 4000 propterea

186 4010 262 4065 Eutr.
280 4012 308 4064 in
326 4027 425 4064 annum
443 4011 608 4080 superiorem
625 4011 676 4065 316
693 4011 832 4067 rettulisse
850 4013 962 4072 videtur.

253 4095 273 4164 4)
291 4093 351 4149 Vid.
370 4095 519 4149 Mommsen
537 4095 656 4149 Chronik
680 4096 727 4149 des
745 4096 889 4152 Cassioder
906 4115 932 4167 p.
942 4099 1004 4153 555:
1022 4099 1115 4153 Livius
1133 4115 1150 4153 a
1166 4101 1275 4166 regibus
1293 4116 1338 4153 ex·

187 4179 254 4235 actis
272 4194 356 4246 usque
375 4179 409 4232 ad
428 4195 451 4239 a.
469 4196 538 4238 varr.
558 4180 607 4234 706
624 4180 710 4249 (incl.)
727 4181 778 4234 463
795 4197 879 4237 annos
898 4189 1066 4252 computasse
1084 4185 1191 4238 videtur
1207 4182 1293 4237 Rufus
1311 4190 1339 4237 et

186 4263 333 4333 Eutropius
351 4263 400 4317 461
419 4264 480 4333 (vid.
499 4280 564 4333 supr
580 4281 607 4333 p.
624 4264 659 4318 26
676 4264 725 4317 sub
743 4266 783 4318 lit.
801 4265 826 4334 3)
848 4266 1027 4337 Hieronymus
1046 4284 1098 4337 quo
1118 4269 1146 4322 in
1164 4268 1256 4322 multis
1276 4268 1338 4324 Oas-

187 4349 255 4410 siod.
274 4363 338 4406 usus
357 4353 398 4404 est
414 4348 466 4405 464
483 4349 530 4422 (ex
546 4348 665 4404 Eusebio
683 4350 737 4410 vid.
756 4349 870 4422 Syncell.
889 4368 915 4420 p.
933 4352 992 4424 461,
1011 4354 1046 4425 l.)
