<?xml version="1.0" encoding="UTF-8"?>
<!DOCTYPE html PUBLIC "-//W3C//DTD XHTML 1.0 Transitional//EN"
    "http://www.w3.org/TR/xhtml1/DTD/xhtml1-transitional.dtd">
<html xmlns="http://www.w3.org/1999/xhtml" xml:lang="en" lang="en">
 <head>
  <title>
</title>
<meta http-equiv="Content-Type" content="text/html;charset=utf-8" />
  <meta name='ocr-system' content='tesseract 3.04.00' />
  <meta name='ocr-capabilities' content='ocr_page ocr_carea ocr_par ocr_line ocrx_word'/>
</head>
<body>
  <div class='ocr_page' id='page_1' title='image "./deeutropiibreui00pirogoog_0050.png"; bbox 0 0 3038 4964; ppageno 0'>
   <div class='ocr_carea' id='block_1_1' title="bbox 607 1797 900 1938">
    <p class='ocr_par' dir='ltr' id='par_1_1' title="bbox 607 1797 900 1938">
     <span class='ocr_line' id='line_1_1' title="bbox 607 1797 900 1938; baseline -0.034 -36"><span class='ocrx_word' id='word_1_1' title='bbox 607 1797 771 1918; x_wconf 78' lang='lat' dir='ltr'>Caput</span> <span class='ocrx_word' id='word_1_2' title='bbox 800 1797 900 1938; x_wconf 85' lang='lat' dir='ltr'>Ill.</span> 
     </span>
    </p>
   </div>
   <div class='ocr_carea' id='block_1_2' title="bbox 444 1960 1053 2063">
    <p class='ocr_par' dir='ltr' id='par_1_2' title="bbox 444 1960 1053 2063">
     <span class='ocr_line' id='line_1_2' title="bbox 444 1960 1053 2063; baseline -0.002 -18"><span class='ocrx_word' id='word_1_3' title='bbox 444 1964 501 2046; x_wconf 82' lang='lat' dir='ltr'>lle</span> <span class='ocrx_word' id='word_1_4' title='bbox 527 1963 662 2045; x_wconf 81' lang='lat' dir='ltr'>livio</span> <span class='ocrx_word' id='word_1_5' title='bbox 687 1960 895 2063; x_wconf 73' lang='lat' dir='ltr'>Eutropii</span> <span class='ocrx_word' id='word_1_6' title='bbox 917 1961 1053 2044; x_wconf 83' lang='lat' dir='ltr'>fonte.</span> 
     </span>
    </p>
   </div>
   <div class='ocr_carea' id='block_1_3' title="bbox 178 2130 1376 3318">
    <p class='ocr_par' dir='ltr' id='par_1_3' title="bbox 178 2130 1376 3318">
     <span class='ocr_line' id='line_1_3' title="bbox 262 2130 1330 2216; baseline 0.001 -18"><span class='ocrx_word' id='word_1_7' title='bbox 262 2133 387 2199; x_wconf 81' lang='lat' dir='ltr'><strong>Contuli</strong></span> <span class='ocrx_word' id='word_1_8' title='bbox 418 2134 451 2197; x_wconf 96' lang='lat' dir='ltr'>in</span> <span class='ocrx_word' id='word_1_9' title='bbox 482 2133 539 2197; x_wconf 90' lang='lat' dir='ltr'>hoc</span> <span class='ocrx_word' id='word_1_10' title='bbox 572 2132 664 2214; x_wconf 88' lang='lat' dir='ltr'>caput</span> <span class='ocrx_word' id='word_1_11' title='bbox 696 2130 886 2213; x_wconf 82' lang='lat' dir='ltr'>singulorum</span> <span class='ocrx_word' id='word_1_12' title='bbox 918 2131 1059 2214; x_wconf 75' lang='lat' dir='ltr'>Eutropii</span> <span class='ocrx_word' id='word_1_13' title='bbox 1090 2133 1227 2216; x_wconf 87' lang='lat' dir='ltr'>capitum</span> <span class='ocrx_word' id='word_1_14' title='bbox 1259 2153 1330 2199; x_wconf 93' lang='lat' dir='ltr'>cum</span> 
     </span>
     <span class='ocr_line' id='line_1_4' title="bbox 178 2230 1330 2315; baseline 0.002 -18"><span class='ocrx_word' id='word_1_15' title='bbox 178 2233 258 2300; x_wconf 85' lang='lat' dir='ltr'>Liuii</span> <span class='ocrx_word' id='word_1_16' title='bbox 278 2233 367 2299; x_wconf 86' lang='lat' dir='ltr'>libris</span> <span class='ocrx_word' id='word_1_17' title='bbox 390 2233 443 2315; x_wconf 94' lang='lat' dir='ltr'>qui</span> <span class='ocrx_word' id='word_1_18' title='bbox 463 2233 598 2298; x_wconf 90' lang='lat' dir='ltr'>aetatem</span> <span class='ocrx_word' id='word_1_19' title='bbox 618 2231 756 2296; x_wconf 90' lang='lat' dir='ltr'>tulerunt</span> <span class='ocrx_word' id='word_1_20' title='bbox 770 2230 1036 2314; x_wconf 81' lang='lat' dir='ltr'>comparationem,</span> <span class='ocrx_word' id='word_1_21' title='bbox 1059 2235 1079 2313; x_wconf 62' lang='grc' dir='ltr'><strong>ξ</strong></span> <span class='ocrx_word' id='word_1_22' title='bbox 1100 2233 1210 2297; x_wconf 89' lang='lat' dir='ltr'>ultimo</span> <span class='ocrx_word' id='word_1_23' title='bbox 1225 2234 1330 2315; x_wconf 88' lang='lat' dir='ltr'>paucis</span> 
     </span>
     <span class='ocr_line' id='line_1_5' title="bbox 180 2330 1331 2416; baseline 0.002 -18"><span class='ocrx_word' id='word_1_24' title='bbox 180 2335 217 2399; x_wconf 91' lang='lat' dir='ltr'>de</span> <span class='ocrx_word' id='word_1_25' title='bbox 251 2333 333 2399; x_wconf 84' lang='lat' dir='ltr'>Livii</span> <span class='ocrx_word' id='word_1_26' title='bbox 364 2333 452 2398; x_wconf 90' lang='lat' dir='ltr'>libris</span> <span class='ocrx_word' id='word_1_27' title='bbox 484 2332 649 2416; x_wconf 83' lang='lat' dir='ltr'>deperditis</span> <span class='ocrx_word' id='word_1_28' title='bbox 683 2330 819 2396; x_wconf 88' lang='lat' dir='ltr'>adiectis.</span> <span class='ocrx_word' id='word_1_29' title='bbox 867 2330 1006 2395; x_wconf 85' lang='lat' dir='ltr'>Pertinet</span> <span class='ocrx_word' id='word_1_30' title='bbox 1035 2332 1110 2398; x_wconf 87' lang='lat' dir='ltr'>haec</span> <span class='ocrx_word' id='word_1_31' title='bbox 1142 2336 1331 2415; x_wconf 88' lang='lat' dir='ltr'>comparatio</span> 
     </span>
     <span class='ocr_line' id='line_1_6' title="bbox 180 2430 1332 2515; baseline 0.003 -19"><span class='ocrx_word' id='word_1_32' title='bbox 180 2434 218 2498; x_wconf 93' lang='lat' dir='ltr'>ad</span> <span class='ocrx_word' id='word_1_33' title='bbox 243 2435 342 2499; x_wconf 88' lang='lat' dir='ltr'>totam</span> <span class='ocrx_word' id='word_1_34' title='bbox 368 2432 644 2498; x_wconf 87' lang='lat' dir='ltr'>annalisticam</span> <span class='ocrx_word' id='word_1_35' title='bbox 671 2430 851 2515; x_wconf 81' lang='lat' dir='ltr'>Eutropiani</span> <span class='ocrx_word' id='word_1_36' title='bbox 877 2431 977 2514; x_wconf 91' lang='lat' dir='ltr'>operis</span> <span class='ocrx_word' id='word_1_37' title='bbox 1003 2435 1122 2515; x_wconf 90' lang='lat' dir='ltr'>partem</span> <span class='ocrx_word' id='word_1_38' title='bbox 1149 2434 1214 2498; x_wconf 91' lang='lat' dir='ltr'>scil.</span> <span class='ocrx_word' id='word_1_39' title='bbox 1237 2433 1332 2500; x_wconf 88' lang='lat' dir='ltr'>libros</span> 
     </span>
     <span class='ocr_line' id='line_1_7' title="bbox 180 2530 1331 2618; baseline 0.002 -20"><span class='ocrx_word' id='word_1_40' title='bbox 180 2533 298 2600; x_wconf 81' lang='lat' dir='ltr'>I-Vll</span> <span class='ocrx_word' id='word_1_41' title='bbox 323 2552 421 2617; x_wconf 91' lang='lat' dir='ltr'>usque</span> <span class='ocrx_word' id='word_1_42' title='bbox 448 2533 488 2599; x_wconf 91' lang='lat' dir='ltr'>ad</span> <span class='ocrx_word' id='word_1_43' title='bbox 516 2533 537 2596; x_wconf 91' lang='lat' dir='ltr'>l.</span> <span class='ocrx_word' id='word_1_44' title='bbox 571 2531 632 2596; x_wconf 88' lang='lat' dir='ltr'>VH</span> <span class='ocrx_word' id='word_1_45' title='bbox 653 2551 717 2614; x_wconf 86' lang='lat' dir='ltr'>cap.</span> <span class='ocrx_word' id='word_1_46' title='bbox 741 2532 776 2612; x_wconf 90' lang='lat'>8,</span> <span class='ocrx_word' id='word_1_47' title='bbox 804 2531 875 2595; x_wconf 90' lang='lat' dir='ltr'>inde</span> <span class='ocrx_word' id='word_1_48' title='bbox 902 2549 920 2594; x_wconf 91' lang='lat' dir='ltr'>a</span> <span class='ocrx_word' id='word_1_49' title='bbox 945 2549 1005 2612; x_wconf 90' lang='lat' dir='ltr'>quo</span> <span class='ocrx_word' id='word_1_50' title='bbox 1032 2530 1210 2598; x_wconf 85' lang='lat' dir='ltr'>Suetonium</span> <span class='ocrx_word' id='word_1_51' title='bbox 1231 2536 1331 2618; x_wconf 89' lang='lat' dir='ltr'>potis-</span> 
     </span>
     <span class='ocr_line' id='line_1_8' title="bbox 180 2631 1332 2716; baseline 0.003 -19"><span class='ocrx_word' id='word_1_52' title='bbox 180 2633 293 2698; x_wconf 89' lang='lat' dir='ltr'>simum</span> <span class='ocrx_word' id='word_1_53' title='bbox 314 2634 429 2699; x_wconf 85' lang='lat' dir='ltr'>fontem</span> <span class='ocrx_word' id='word_1_54' title='bbox 453 2633 606 2716; x_wconf 87' lang='lat' dir='ltr'>sequitur:</span> <span class='ocrx_word' id='word_1_55' title='bbox 637 2652 728 2715; x_wconf 90' lang='lat' dir='ltr'>quarn</span> <span class='ocrx_word' id='word_1_56' title='bbox 750 2632 910 2716; x_wconf 88' lang='lat' dir='ltr'>potissime</span> <span class='ocrx_word' id='word_1_57' title='bbox 933 2650 969 2696; x_wconf 82' lang='lat' dir='ltr'>en</span> <span class='ocrx_word' id='word_1_58' title='bbox 990 2631 1076 2697; x_wconf 83' lang='lat' dir='ltr'>Livio</span> <span class='ocrx_word' id='word_1_59' title='bbox 1098 2633 1243 2698; x_wconf 82' lang='lat' dir='ltr'>haustam</span> <span class='ocrx_word' id='word_1_60' title='bbox 1265 2654 1332 2701; x_wconf 92' lang='lat' dir='ltr'>esse</span> 
     </span>
     <span class='ocr_line' id='line_1_9' title="bbox 180 2732 1331 2819; baseline 0.002 -20"><span class='ocrx_word' id='word_1_61' title='bbox 180 2734 306 2817; x_wconf 87' lang='lat' dir='ltr'>vulgata</span> <span class='ocrx_word' id='word_1_62' title='bbox 326 2735 417 2800; x_wconf 92' lang='lat' dir='ltr'>hodie</span> <span class='ocrx_word' id='word_1_63' title='bbox 439 2733 540 2817; x_wconf 92' lang='lat' dir='ltr'>opinio</span> <span class='ocrx_word' id='word_1_64' title='bbox 563 2733 644 2816; x_wconf 85' lang='lat' dir='ltr'>est¹)</span> <span class='ocrx_word' id='word_1_65' title='bbox 668 2733 832 2815; x_wconf 89' lang='lat' dir='ltr'>multisque</span> <span class='ocrx_word' id='word_1_66' title='bbox 853 2732 915 2795; x_wconf 90' lang='lat' dir='ltr'>iam</span> <span class='ocrx_word' id='word_1_67' title='bbox 938 2750 1030 2813; x_wconf 90' lang='lat' dir='ltr'>supra</span> <span class='ocrx_word' id='word_1_68' title='bbox 1044 2732 1157 2812; x_wconf 89' lang='lat' dir='ltr'>allatis,</span> <span class='ocrx_word' id='word_1_69' title='bbox 1181 2753 1252 2798; x_wconf 90' lang='lat' dir='ltr'>oum</span> <span class='ocrx_word' id='word_1_70' title='bbox 1266 2753 1331 2819; x_wconf 86' lang='lat' dir='ltr'>cap.</span> 
     </span>
     <span class='ocr_line' id='line_1_10' title="bbox 180 2831 1331 2918; baseline 0.002 -20"><span class='ocrx_word' id='word_1_71' title='bbox 180 2853 278 2918; x_wconf 87' lang='lat' dir='ltr'>super.</span> <span class='ocrx_word' id='word_1_72' title='bbox 295 2835 332 2899; x_wconf 92' lang='lat' dir='ltr'>de</span> <span class='ocrx_word' id='word_1_73' title='bbox 343 2833 565 2916; x_wconf 81' lang='lat' dir='ltr'>chronologicis</span> <span class='ocrx_word' id='word_1_74' title='bbox 580 2833 661 2915; x_wconf 90' lang='lat' dir='ltr'>apud</span> <span class='ocrx_word' id='word_1_75' title='bbox 672 2835 756 2897; x_wconf 79' lang='lat' dir='ltr'>llutr.</span> <span class='ocrx_word' id='word_1_76' title='bbox 773 2833 863 2897; x_wconf 90' lang='lat' dir='ltr'>rebus</span> <span class='ocrx_word' id='word_1_77' title='bbox 876 2831 1092 2896; x_wconf 83' lang='lat' dir='ltr'>dissereremus</span> <span class='ocrx_word' id='word_1_78' title='bbox 1104 2836 1331 2917; x_wconf 86' lang='lat' dir='ltr'>comprobatur:</span> 
     </span>
     <span class='ocr_line' id='line_1_11' title="bbox 179 2932 1332 3019; baseline 0.001 -19"><span class='ocrx_word' id='word_1_79' title='bbox 179 2935 349 3000; x_wconf 86' lang='lat' dir='ltr'>accuratius</span> <span class='ocrx_word' id='word_1_80' title='bbox 381 2937 486 2998; x_wconf 89' lang='lat' dir='ltr'>tamen</span> <span class='ocrx_word' id='word_1_81' title='bbox 515 2934 649 3016; x_wconf 89' lang='lat' dir='ltr'>perlecto</span> <span class='ocrx_word' id='word_1_82' title='bbox 681 2952 743 2998; x_wconf 91' lang='lat' dir='ltr'>non</span> <span class='ocrx_word' id='word_1_83' title='bbox 775 2933 876 2998; x_wconf 90' lang='lat' dir='ltr'>solum</span> <span class='ocrx_word' id='word_1_84' title='bbox 908 2932 1007 2998; x_wconf 87' lang='lat' dir='ltr'>multa</span> <span class='ocrx_word' id='word_1_85' title='bbox 1039 2933 1120 3016; x_wconf 90' lang='lat' dir='ltr'>apud</span> <span class='ocrx_word' id='word_1_86' title='bbox 1148 2937 1332 3019; x_wconf 74' lang='lat' dir='ltr'>Eutropium</span> 
     </span>
     <span class='ocr_line' id='line_1_12' title="bbox 180 3032 1369 3118; baseline 0.002 -18"><span class='ocrx_word' id='word_1_87' title='bbox 180 3036 300 3100; x_wconf 88' lang='lat' dir='ltr'>adiecta</span> <span class='ocrx_word' id='word_1_88' title='bbox 321 3036 418 3117; x_wconf 87' lang='lat' dir='ltr'>esse²)</span> <span class='ocrx_word' id='word_1_89' title='bbox 442 3033 610 3099; x_wconf 89' lang='lat' dir='ltr'>sedetiam</span> <span class='ocrx_word' id='word_1_90' title='bbox 625 3034 755 3098; x_wconf 90' lang='lat' dir='ltr'>maiores</span> <span class='ocrx_word' id='word_1_91' title='bbox 769 3032 919 3098; x_wconf 88' lang='lat' dir='ltr'>Breviarii</span> <span class='ocrx_word' id='word_1_92' title='bbox 933 3034 1036 3115; x_wconf 88' lang='lat' dir='ltr'>partes</span> <span class='ocrx_word' id='word_1_93' title='bbox 1058 3053 1094 3098; x_wconf 84' lang='lat' dir='ltr'>ex</span> <span class='ocrx_word' id='word_1_94' title='bbox 1116 3035 1185 3100; x_wconf 90' lang='lat' dir='ltr'>aliis</span> <span class='ocrx_word' id='word_1_95' title='bbox 1201 3036 1332 3118; x_wconf 83' lang='lat' dir='ltr'>scripto·</span> <span class='ocrx_word' id='word_1_96' title='bbox 1363 3094 1369 3109; x_wconf 81' lang='grc'>,</span> 
     </span>
     <span class='ocr_line' id='line_1_13' title="bbox 178 3132 1332 3216; baseline 0.001 -17"><span class='ocrx_word' id='word_1_97' title='bbox 178 3135 263 3200; x_wconf 90' lang='lat' dir='ltr'>ribus</span> <span class='ocrx_word' id='word_1_98' title='bbox 285 3135 408 3200; x_wconf 82' lang='lat' dir='ltr'>fluxisse</span> <span class='ocrx_word' id='word_1_99' title='bbox 435 3135 526 3216; x_wconf 84' lang='lat' dir='ltr'>atque</span> <span class='ocrx_word' id='word_1_100' title='bbox 553 3153 589 3198; x_wconf 89' lang='lat' dir='ltr'>ea</span> <span class='ocrx_word' id='word_1_101' title='bbox 616 3152 694 3216; x_wconf 90' lang='lat' dir='ltr'>quae</span> <span class='ocrx_word' id='word_1_102' title='bbox 717 3133 856 3214; x_wconf 65' lang='lat' dir='ltr'>Suidasi)</span> <span class='ocrx_word' id='word_1_103' title='bbox 879 3132 916 3196; x_wconf 91' lang='lat' dir='ltr'>de</span> <span class='ocrx_word' id='word_1_104' title='bbox 942 3134 1028 3198; x_wconf 78' lang='lat' dir='ltr'>Eutr.</span> <span class='ocrx_word' id='word_1_105' title='bbox 1056 3134 1234 3213; x_wconf 88' lang='lat' dir='ltr'>affirmarit,</span> <span class='ocrx_word' id='word_1_106' title='bbox 1262 3155 1332 3200; x_wconf 92' lang='lat' dir='ltr'>cum</span> 
     </span>
     <span class='ocr_line' id='line_1_14' title="bbox 179 3232 1376 3318; baseline 0 -18"><span class='ocrx_word' id='word_1_107' title='bbox 179 3239 263 3302; x_wconf 86' lang='lat' dir='ltr'>certa</span> <span class='ocrx_word' id='word_1_108' title='bbox 289 3236 421 3318; x_wconf 87' lang='lat' dir='ltr'>quadam</span> <span class='ocrx_word' id='word_1_109' title='bbox 448 3234 642 3300; x_wconf 82' lang='lat' dir='ltr'>restrictione</span> <span class='ocrx_word' id='word_1_110' title='bbox 671 3232 846 3316; x_wconf 88' lang='lat' dir='ltr'>accipienda</span> <span class='ocrx_word' id='word_1_111' title='bbox 871 3251 937 3297; x_wconf 88' lang='lat' dir='ltr'>esse</span> <span class='ocrx_word' id='word_1_112' title='bbox 970 3233 1151 3297; x_wconf 85' lang='lat' dir='ltr'>efficiuntur.</span> <span class='ocrx_word' id='word_1_113' title='bbox 1203 3234 1332 3317; x_wconf 77' lang='lat' dir='ltr'>Singula</span> <span class='ocrx_word' id='word_1_114' title='bbox 1374 3267 1376 3272; x_wconf 93' lang='lat'>·</span> 
     </span>
    </p>
   </div>
   <div class='ocr_carea' id='block_1_4' title="bbox 178 3426 1332 3842">
    <p class='ocr_par' dir='ltr' id='par_1_4' title="bbox 178 3426 1332 3842">
     <span class='ocr_line' id='line_1_15' title="bbox 248 3426 1332 3504; baseline -0.003 -14"><span class='ocrx_word' id='word_1_115' title='bbox 248 3439 267 3504; x_wconf 75' lang='lat'>¹)</span> <span class='ocrx_word' id='word_1_116' title='bbox 286 3435 347 3490; x_wconf 87' lang='lat' dir='ltr'>Vid.</span> <span class='ocrx_word' id='word_1_117' title='bbox 366 3451 434 3503; x_wconf 89' lang='lat' dir='ltr'>quae</span> <span class='ocrx_word' id='word_1_118' title='bbox 452 3435 602 3489; x_wconf 89' lang='lat' dir='ltr'>Mommsen</span> <span class='ocrx_word' id='word_1_119' title='bbox 620 3432 780 3503; x_wconf 86' lang='lat' dir='ltr'>(Cassidor’s</span> <span class='ocrx_word' id='word_1_120' title='bbox 794 3426 913 3486; x_wconf 84' lang='lat' dir='ltr'>Chronik</span> <span class='ocrx_word' id='word_1_121' title='bbox 930 3448 955 3499; x_wconf 91' lang='lat' dir='ltr'>p.</span> <span class='ocrx_word' id='word_1_122' title='bbox 974 3432 1036 3503; x_wconf 81' lang='lat'>551)</span> <span class='ocrx_word' id='word_1_123' title='bbox 1054 3433 1087 3486; x_wconf 89' lang='lat' dir='ltr'>de</span> <span class='ocrx_word' id='word_1_124' title='bbox 1106 3434 1332 3504; x_wconf 87' lang='lat' dir='ltr'>auctoritatequa</span> 
     </span>
     <span class='ocr_line' id='line_1_16' title="bbox 178 3517 1331 3589; baseline -0.003 -15"><span class='ocrx_word' id='word_1_125' title='bbox 178 3521 328 3589; x_wconf 86' lang='lat' dir='ltr'>posteriore</span> <span class='ocrx_word' id='word_1_126' title='bbox 347 3535 412 3572; x_wconf 87' lang='lat' dir='ltr'>aevo</span> <span class='ocrx_word' id='word_1_127' title='bbox 429 3519 521 3572; x_wconf 89' lang='lat' dir='ltr'>Livius</span> <span class='ocrx_word' id='word_1_128' title='bbox 539 3535 603 3573; x_wconf 88' lang='lat' dir='ltr'>usus</span> <span class='ocrx_word' id='word_1_129' title='bbox 621 3525 662 3571; x_wconf 84' lang='lat' dir='ltr'>ost</span> <span class='ocrx_word' id='word_1_130' title='bbox 680 3517 781 3570; x_wconf 81' lang='lat' dir='ltr'>attulit:</span> <span class='ocrx_word' id='word_1_131' title='bbox 800 3517 846 3584; x_wconf 88' lang='lat' dir='ltr'>qui</span> <span class='ocrx_word' id='word_1_132' title='bbox 863 3517 941 3583; x_wconf 86' lang='lat' dir='ltr'>quasi</span> <span class='ocrx_word' id='word_1_133' title='bbox 959 3517 1031 3570; x_wconf 88' lang='lat' dir='ltr'>solus</span> <span class='ocrx_word' id='word_1_134' title='bbox 1048 3517 1150 3571; x_wconf 89' lang='lat' dir='ltr'>liberae</span> <span class='ocrx_word' id='word_1_135' title='bbox 1168 3518 1233 3585; x_wconf 88' lang='lat' dir='ltr'>reip.</span> <span class='ocrx_word' id='word_1_136' title='bbox 1247 3517 1331 3572; x_wconf 87' lang='lat' dir='ltr'>histo·</span> 
     </span>
     <span class='ocr_line' id='line_1_17' title="bbox 179 3593 1331 3669; baseline -0.003 -12"><span class='ocrx_word' id='word_1_137' title='bbox 179 3605 236 3658; x_wconf 90' lang='lat' dir='ltr'>riae</span> <span class='ocrx_word' id='word_1_138' title='bbox 260 3609 355 3658; x_wconf 90' lang='lat' dir='ltr'>auctor</span> <span class='ocrx_word' id='word_1_139' title='bbox 372 3603 533 3657; x_wconf 82' lang='lat' dir='ltr'>laudabatur</span> <span class='ocrx_word' id='word_1_140' title='bbox 550 3593 649 3669; x_wconf 89' lang='lat' dir='ltr'>aliique</span> <span class='ocrx_word' id='word_1_141' title='bbox 668 3601 714 3669; x_wconf 89' lang='lat' dir='ltr'>qui</span> <span class='ocrx_word' id='word_1_142' title='bbox 732 3600 826 3655; x_wconf 88' lang='lat' dir='ltr'>eadem</span> <span class='ocrx_word' id='word_1_143' title='bbox 843 3607 1020 3655; x_wconf 82' lang='lat' dir='ltr'>narraverunt</span> <span class='ocrx_word' id='word_1_144' title='bbox 1037 3601 1182 3669; x_wconf 87' lang='lat' dir='ltr'>scriptores</span> <span class='ocrx_word' id='word_1_145' title='bbox 1200 3601 1331 3669; x_wconf 87' lang='lat' dir='ltr'>epitomas</span> 
     </span>
     <span class='ocr_line' id='line_1_18' title="bbox 180 3684 1330 3754; baseline -0.003 -12"><span class='ocrx_word' id='word_1_146' title='bbox 180 3688 213 3742; x_wconf 88' lang='lat' dir='ltr'>de</span> <span class='ocrx_word' id='word_1_147' title='bbox 231 3688 309 3741; x_wconf 85' lang='lat' dir='ltr'>Liuio</span> <span class='ocrx_word' id='word_1_148' title='bbox 328 3687 520 3754; x_wconf 84' lang='lat' dir='ltr'>conscripsisse</span> <span class='ocrx_word' id='word_1_149' title='bbox 538 3686 709 3754; x_wconf 82' lang='lat' dir='ltr'>putabamur.</span> <span class='ocrx_word' id='word_1_150' title='bbox 744 3684 775 3738; x_wconf 90' lang='lat' dir='ltr'>In</span> <span class='ocrx_word' id='word_1_151' title='bbox 788 3684 967 3752; x_wconf 85' lang='lat' dir='ltr'>Inscriptione</span> <span class='ocrx_word' id='word_1_152' title='bbox 984 3699 1090 3752; x_wconf 87' lang='lat' dir='ltr'>quoque</span> <span class='ocrx_word' id='word_1_153' title='bbox 1103 3684 1164 3738; x_wconf 91' lang='lat' dir='ltr'>libri</span> <span class='ocrx_word' id='word_1_154' title='bbox 1183 3684 1233 3754; x_wconf 86' lang='lat' dir='ltr'>(ab</span> <span class='ocrx_word' id='word_1_155' title='bbox 1252 3685 1330 3740; x_wconf 89' lang='lat' dir='ltr'>urbe</span> 
     </span>
     <span class='ocr_line' id='line_1_19' title="bbox 179 3767 1329 3842; baseline -0.003 -18"><span class='ocrx_word' id='word_1_156' title='bbox 179 3771 329 3842; x_wconf 85' lang='lat' dir='ltr'>condita)</span> <span class='ocrx_word' id='word_1_157' title='bbox 347 3771 424 3826; x_wconf 84' lang='lat' dir='ltr'>llutr.</span> <span class='ocrx_word' id='word_1_158' title='bbox 442 3770 549 3824; x_wconf 81' lang='lat' dir='ltr'>Livium</span> <span class='ocrx_word' id='word_1_159' title='bbox 567 3775 675 3824; x_wconf 84' lang='lat' dir='ltr'>secutus</span> <span class='ocrx_word' id='word_1_160' title='bbox 702 3783 761 3822; x_wconf 88' lang='lat' dir='ltr'>esse</span> <span class='ocrx_word' id='word_1_161' title='bbox 784 3768 890 3822; x_wconf 83' lang='lat' dir='ltr'>videtur</span> <span class='ocrx_word' id='word_1_162' title='bbox 907 3768 959 3823; x_wconf 85' lang='lat' dir='ltr'>rid.</span> <span class='ocrx_word' id='word_1_163' title='bbox 977 3767 1173 3822; x_wconf 86' lang='lat' dir='ltr'>Mommsenio</span> <span class='ocrx_word' id='word_1_164' title='bbox 1190 3768 1291 3823; x_wconf 87' lang='lat' dir='ltr'>Hermo</span> <span class='ocrx_word' id='word_1_165' title='bbox 1308 3769 1329 3823; x_wconf 95' lang='lat'>1.</span> 
     </span>
    </p>
   </div>
   <div class='ocr_carea' id='block_1_5' title="bbox 178 3856 1331 4009">
    <p class='ocr_par' dir='ltr' id='par_1_5' title="bbox 178 3856 1331 4009">
     <span class='ocr_line' id='line_1_20' title="bbox 198 3856 280 3909; baseline 0 -1"><span class='ocrx_word' id='word_1_166' title='bbox 198 3856 240 3909; x_wconf 85' lang='lat'>.4</span> <span class='ocrx_word' id='word_1_167' title='bbox 275 3897 280 3908; x_wconf 95' lang='lat'>.</span> 
     </span>
     <span class='ocr_line' id='line_1_21' title="bbox 178 3856 1331 4009; baseline -0.002 -17"><span class='ocrx_word' id='word_1_168' title='bbox 178 3871 195 3923; x_wconf 70' lang='lat' dir='ltr'>p</span> <span class='ocrx_word' id='word_1_169' title='bbox 240 3856 274 4009; x_wconf 49' lang='grc' dir='ltr'>εἴ</span> <span class='ocrx_word' id='word_1_170' title='bbox 287 3939 362 4006; x_wconf 79' lang='lat' dir='ltr'>Quae</span> <span class='ocrx_word' id='word_1_171' title='bbox 375 3954 429 3992; x_wconf 91' lang='lat' dir='ltr'>non</span> <span class='ocrx_word' id='word_1_172' title='bbox 445 3945 501 3992; x_wconf 85' lang='lat' dir='ltr'>tam</span> <span class='ocrx_word' id='word_1_173' title='bbox 513 3938 591 3992; x_wconf 83' lang='lat' dir='ltr'>facile</span> <span class='ocrx_word' id='word_1_174' title='bbox 605 3937 741 3992; x_wconf 84' lang='lat' dir='ltr'>enucleari</span> <span class='ocrx_word' id='word_1_175' title='bbox 758 3943 879 4006; x_wconf 91' lang='lat' dir='ltr'>possunt,</span> <span class='ocrx_word' id='word_1_176' title='bbox 898 3935 1031 4004; x_wconf 88' lang='lat' dir='ltr'>quomodo</span> <span class='ocrx_word' id='word_1_177' title='bbox 1048 3935 1083 3989; x_wconf 87' lang='lat' dir='ltr'>ad</span> <span class='ocrx_word' id='word_1_178' title='bbox 1093 3935 1214 3990; x_wconf 86' lang='lat' dir='ltr'>Suetonii</span> <span class='ocrx_word' id='word_1_179' title='bbox 1228 3942 1331 3991; x_wconf 81' lang='lat' dir='ltr'>textum</span> 
     </span>
    </p>
   </div>
   <div class='ocr_carea' id='block_1_6' title="bbox 179 4019 1332 4176">
    <p class='ocr_par' dir='ltr' id='par_1_6' title="bbox 179 4019 1332 4176">
     <span class='ocr_line' id='line_1_22' title="bbox 179 4019 1332 4092; baseline -0.002 -14"><span class='ocrx_word' id='word_1_180' title='bbox 179 4024 214 4078; x_wconf 88' lang='lat' dir='ltr'>ab</span> <span class='ocrx_word' id='word_1_181' title='bbox 233 4023 312 4077; x_wconf 84' lang='lat' dir='ltr'>Eutr.</span> <span class='ocrx_word' id='word_1_182' title='bbox 332 4022 426 4076; x_wconf 87' lang='lat' dir='ltr'>addita</span> <span class='ocrx_word' id='word_1_183' title='bbox 444 4038 503 4076; x_wconf 90' lang='lat' dir='ltr'>cum</span> <span class='ocrx_word' id='word_1_184' title='bbox 520 4038 614 4092; x_wconf 87' lang='lat' dir='ltr'>presse</span> <span class='ocrx_word' id='word_1_185' title='bbox 633 4022 789 4076; x_wconf 88' lang='lat' dir='ltr'>Suetonium</span> <span class='ocrx_word' id='word_1_186' title='bbox 803 4029 932 4088; x_wconf 85' lang='lat' dir='ltr'>sequatur</span> <span class='ocrx_word' id='word_1_187' title='bbox 949 4020 1027 4078; x_wconf 82' lang='lat' dir='ltr'>Eutr.</span> <span class='ocrx_word' id='word_1_188' title='bbox 1045 4019 1180 4087; x_wconf 86' lang='lat' dir='ltr'>verbaque</span> <span class='ocrx_word' id='word_1_189' title='bbox 1197 4021 1258 4089; x_wconf 87' lang='lat' dir='ltr'>ipsa</span> <span class='ocrx_word' id='word_1_190' title='bbox 1275 4022 1332 4077; x_wconf 87' lang='lat' dir='ltr'>eius</span> 
     </span>
     <span class='ocr_line' id='line_1_23' title="bbox 179 4105 930 4176; baseline -0.005 -15"><span class='ocrx_word' id='word_1_191' title='bbox 179 4107 323 4176; x_wconf 80' lang='lat' dir='ltr'>exscribat,</span> <span class='ocrx_word' id='word_1_192' title='bbox 343 4121 357 4160; x_wconf 94' lang='lat' dir='ltr'>e</span> <span class='ocrx_word' id='word_1_193' title='bbox 375 4105 453 4162; x_wconf 82' lang='lat' dir='ltr'>Livio</span> <span class='ocrx_word' id='word_1_194' title='bbox 471 4122 515 4160; x_wconf 90' lang='lat' dir='ltr'>res</span> <span class='ocrx_word' id='word_1_195' title='bbox 533 4112 636 4160; x_wconf 81' lang='lat' dir='ltr'>tantum</span> <span class='ocrx_word' id='word_1_196' title='bbox 655 4107 730 4173; x_wconf 90' lang='lat' dir='ltr'>ipsae</span> <span class='ocrx_word' id='word_1_197' title='bbox 747 4106 849 4174; x_wconf 82' lang='lat' dir='ltr'>petitae</span> <span class='ocrx_word' id='word_1_198' title='bbox 869 4105 930 4158; x_wconf 86' lang='lat' dir='ltr'>sint.</span> 
     </span>
    </p>
   </div>
   <div class='ocr_carea' id='block_1_7' title="bbox 179 4174 1332 4452">
    <p class='ocr_par' dir='ltr' id='par_1_7' title="bbox 179 4174 1332 4452">
     <span class='ocr_line' id='line_1_24' title="bbox 247 4174 1332 4269; baseline -0.001 -24"><span class='ocrx_word' id='word_1_199' title='bbox 247 4192 269 4259; x_wconf 80' lang='lat'>⁸)</span> <span class='ocrx_word' id='word_1_200' title='bbox 287 4191 320 4248; x_wconf 90' lang='lat' dir='ltr'>V.</span> <span class='ocrx_word' id='word_1_201' title='bbox 334 4187 490 4248; x_wconf 82' lang='grc' dir='ltr'><strong><em>Καπίτων.</em></strong></span> <span class='ocrx_word' id='word_1_202' title='bbox 510 4184 631 4258; x_wconf 79' lang='grc' dir='ltr'><strong><em>Λύκιος</em></strong></span> <span class='ocrx_word' id='word_1_203' title='bbox 645 4184 806 4267; x_wconf 78' lang='grc' dir='ltr'><strong><em>ἱστορικὸς.</em></strong></span> <span class='ocrx_word' id='word_1_204' title='bbox 823 4174 911 4257; x_wconf 71' lang='grc' dir='ltr'><strong><em>ὄντος</em></strong></span> <span class='ocrx_word' id='word_1_205' title='bbox 926 4181 1060 4266; x_wconf 65' lang='grc' dir='ltr'>ἔγραψεν</span> <span class='ocrx_word' id='word_1_206' title='bbox 1074 4233 1081 4247; x_wconf 92' lang='grc'><strong>.</strong></span> <span class='ocrx_word' id='word_1_207' title='bbox 1094 4237 1100 4251; x_wconf 87' lang='grc'><em>,</em></span> <span class='ocrx_word' id='word_1_208' title='bbox 1113 4233 1120 4248; x_wconf 89' lang='grc'><strong>.</strong></span> <span class='ocrx_word' id='word_1_209' title='bbox 1135 4183 1332 4269; x_wconf 76' lang='grc' dir='ltr'><em>μειάφρασιν</em></span> 
     </span>
     <span class='ocr_line' id='line_1_25' title="bbox 179 4273 1331 4362; baseline -0.005 -20"><span class='ocrx_word' id='word_1_210' title='bbox 179 4287 233 4362; x_wconf 75' lang='grc' dir='ltr'>τῆς</span> <span class='ocrx_word' id='word_1_211' title='bbox 260 4281 406 4359; x_wconf 76' lang='grc' dir='ltr'>ἐπιτομῆς</span> <span class='ocrx_word' id='word_1_212' title='bbox 428 4277 614 4359; x_wconf 79' lang='lat' dir='ltr'>&#39;Eorponr&#39;oo</span> <span class='ocrx_word' id='word_1_213' title='bbox 642 4281 794 4358; x_wconf 76' lang='grc' dir='ltr'><em>Ρωμαϊσῑὶ</em></span> <span class='ocrx_word' id='word_1_214' title='bbox 821 4273 1069 4356; x_wconf 74' lang='grc' dir='ltr'><em>ἔπιτεμόνῑος</em></span> <span class='ocrx_word' id='word_1_215' title='bbox 1097 4278 1241 4356; x_wconf 67' lang='lat' dir='ltr'>Aspidos</span> <span class='ocrx_word' id='word_1_216' title='bbox 1266 4277 1331 4338; x_wconf 81' lang='grc' dir='ltr'>τὸν</span> 
     </span>
     <span class='ocr_line' id='line_1_26' title="bbox 180 4374 374 4452; baseline -0.021 -18"><span class='ocrx_word' id='word_1_217' title='bbox 180 4374 374 4452; x_wconf 54' lang='lat' dir='ltr'>Palladios.</span> 
     </span>
    </p>
   </div>
   <div class='ocr_carea' id='block_1_8' title="bbox 0 0 1526 4964">
    <p class='ocr_par' dir='ltr' id='par_1_8' title="bbox 0 0 1526 4964">
     <span class='ocr_line' id='line_1_27' title="bbox 0 0 1526 4964; baseline 0 0"><span class='ocrx_word' id='word_1_218' title='bbox 0 0 1526 4964; x_wconf 95' lang='lat' dir='ltr'> </span> 
     </span>
    </p>
   </div>
  </div>
 </body>
</html>
