3038 4964
670 434 837 501 -88-

182 616 391 684 Nihilominus
422 621 485 684 tres
507 619 590 703 apud
610 621 824 704 Augustinum
854 618 913 685 loci
935 618 1144 699 inveniuntur,
1166 619 1219 703 qui
1240 619 1337 703 plano

180 736 216 782 ex
238 718 390 802 llutropio
413 720 557 802 descripti
580 722 652 786 sunt
674 720 794 786 scilicet
815 718 836 784 l.
859 720 908 785 llI
939 738 1004 803 cap.
1031 720 1068 783 15
1089 719 1122 783 in
1145 738 1203 803 quo
1225 720 1335 786 breves

181 817 253 882 illas
275 818 465 884 narrationes
488 820 524 884 de
546 821 698 886 mortibus
720 838 828 902 regum
847 818 1056 884 Romanorum
1076 819 1335 905 (NumaeAnci')

182 917 277 982 Prisci
288 917 445 1001 Tarquinii
457 917 553 984 Servii
565 919 709 1006 Tullii²))
725 919 794 984 inde
816 918 948 984 averbis
971 919 1111 984 coeteri
1133 938 1241 1002 reges
1264 939 1335 985 rer·

180 1017 310 1083 botenus
321 1039 390 1084 cum
399 1021 481 1086 llutr.
494 1020 571 1085 locis
584 1019 604 1084 l.
614 1021 637 1087 Ι.
649 1040 713 1105 cap.
725 1020 745 1085 3
756 1020 805 1085 fin.
818 1037 881 1102 cap.
893 1019 914 1083 5
925 1017 975 1085 tin.
985 1039 1049 1103 cap.
1061 1019 1208 1102 tlfinoap.
1221 1019 1240 1082 l
1248 1019 1303 1086 fin.
1310 1019 1335 1103 ³)

181 1117 353 1195 concinunt,
373 1119 467 1184 immo
483 1122 568 1185 totus
591 1121 700 1204 capitis
713 1120 782 1186 finis
797 1119 878 1203 apud
889 1118 1099 1202 Augustinum
1114 1118 1185 1184 inde
1200 1119 1335 1185 averbis

180 1218 279 1300 quod
301 1237 382 1283 cum
397 1219 522 1302 (Tarqu.
536 1221 719 1304 Superbum)
741 1220 898 1286 Romani
921 1237 1033 1303 reguo
1050 1218 1273 1300 depulerunt
1287 1238 1333 1304 sq.

181 1319 1334 1405 pureEutrop.cap.8(posteaArdeamoppugnans-exclususest)

180 1417 276 1501 capt)
292 1418 383 1483 linem
406 1421 623 1500 (commouit
637 1423 696 1503 sq.)
707 1439 772 1504 cap.
788 1422 824 1484 11
839 1420 903 1486 init.
920 1419 1095 1501 (praecipue
1106 1419 1334 1502 Tarquinius

180 1536 262 1582 oum
284 1519 426 1602 suscipi
449 1559 489 1567 —
511 1520 726 1603 consenuit)
754 1520 884 1603 deniqne
912 1539 976 1602 cap.
1008 1518 1027 1581 8
1055 1517 1147 1583 tinem
1168 1519 1236 1602 (ita
1257 1520 1334 1584 Ro·

181 1637 258 1682 mae
281 1620 347 1701 sq.)
380 1621 581 1703 transscripta
613 1621 749 1685 continet
781 1622 816 1685 ut
848 1621 910 1684 iam
942 1617 1062 1683 numeri
1094 1636 1189 1686 annos
1223 1638 1334 1702 regum

180 1717 253 1798 (vid.
276 1737 368 1801 supra
396 1739 461 1804 cap.
484 1721 523 1785 ll.
557 1740 585 1803 p.
610 1721 649 1784 13
671 1739 716 1803 sq.
750 1721 805 1786 sub
828 1721 873 1787 lit.
896 1720 925 1801 1)
956 1722 1048 1802 atque
1070 1718 1191 1802 imperii
1211 1719 1336 1784 romani

181 1817 236 1882 sub
258 1817 381 1901 regibus
402 1809 683 1904 propagationem⁴)
706 1820 835 1904 denique
856 1838 953 1885 annos
975 1819 1086 1902 quibus
1108 1819 1234 1884 Tusculi
1255 1819 1335 1884 Tar-

181 1936 231 2001 qu.
254 1916 395 2002 virerit⁵l
419 1921 589 1985 iudicantes
611 1940 681 1986 oum
702 1920 900 2004 Eutropianis
922 1919 1089 2001 comparati
1110 1918 1263 1984 evincunt.

262 2017 366 2082 Etiam
388 2039 492 2085 eorum
514 2040 591 2105 quae
614 2039 677 2104 cup.
702 2021 741 2085 16
763 2022 907 2087 secuntur
928 2018 1027 2084 multa
1042 2019 1226 2102 Eutropium
1248 2019 1333 2102 (1.9.

183 2117 234 2199 10)
258 2118 395 2201 sapiunt:
418 2120 455 2185 cf.
479 2120 602 2205 singula
623 2139 701 2205 quae
723 2121 760 2185 de
781 2129 862 2186 sorte
877 2119 969 2202 primi
989 2119 1061 2183 anni
1076 2119 1235 2185 consulum
1251 2120 1334 2202 apud

183 2220 347 2300 utrumque
369 2219 451 2285 dieta
473 2226 552 2287 sunt.
597 2221 714 2286 Tamen
734 2220 763 2286 b.
786 2221 805 2287 l
828 2219 1021 2303 Augustinus
1035 2219 1227 2285 Publicolam
1248 2227 1334 2285 recte

181 2319 215 2384 P.
238 2319 433 2385 Valerium
455 2321 599 2404 appellat,
622 2340 692 2385 cum
706 2319 847 2404 Eutropii
863 2319 983 2385 codices
996 2318 1144 2386 Paeonius
1166 2325 1198 2385 et
1212 2319 1333 2385 Johan·

179 2438 233 2482 nes
256 2420 566 2502 quoqnedntiochen.
588 2420 699 2485 falsum
723 2421 750 2485 ei
765 2438 949 2504 praenomen
969 2419 1057 2485 Lucii
1071 2418 1218 2498 inderent,
1240 2439 1335 2504 quem

181 2520 344 2602 erroreml)
370 2518 536 2603 Augustis.
570 2538 691 2605 quoque
723 2520 784 2585 alio
816 2522 883 2586 loco
916 2519 966 2604 (V.
997 2520 1049 2603 18)
1073 2520 1242 2585 commisit:
1277 2521 1334 2603 qui

180 2618 293 2685 locus
319 2619 503 2685 secundus
539 2623 587 2686 est
618 2625 699 2686 certe
737 2639 774 2685 ex
798 2621 924 2704 Eutrop.
961 2619 1147 2703 descriptus:
1184 2621 1334 2703 quattuor

181 2719 263 2783 enim
294 2720 439 2803 antiquae
471 2721 626 2786 Romanae
658 2718 782 2787 virtutis
818 2721 955 2803 exempla
983 2720 1095 2803 Reguli
1127 2721 1193 2786 scil.
1220 2720 1332 2784 Publi·

180 2818 264 2884 colae
287 2819 491 2901 Cincinnati²l
519 2823 550 2885 et
574 2820 705 2885 Fabricii
731 2840 766 2886 ex
791 2820 1056 2887 1111111251.
1084 2820 1130 2886 12.
1155 2820 1202 2887 17.
1228 2822 1269 2886 ΙΙ.
1292 2820 1334 2884 12

181 2921 305 3002 sumpta
327 2920 406 2984 sunt.

264 3017 432 3084 Tertium
455 3022 571 3104 caput
591 3022 632 3085 22
653 3020 747 3086 libri
774 3019 901 3105 quinti
922 3020 954 3085 in
976 3039 1101 3088 consum
1122 3019 1219 3087 venit:
1249 3019 1333 3086 bella

248 3203 267 3273 ¹)
285 3202 346 3261 Vid.
364 3217 447 3271 supra
463 3218 488 3272 p.
507 3203 541 3257 ts
557 3219 583 3258 n.
602 3204 626 3262 1.

247 3288 267 3357 2)
285 3287 446 3356 Longiorem
463 3287 496 3342 de
513 3294 600 3342 morte
617 3289 726 3343 Romuli
743 3290 926 3344 narrationem
945 3288 1092 3356 eademque
1115 3287 1148 3342 de
1165 3285 1244 3341 Tullo
1261 3285 1331 3341 Hos·

179 3372 238 3427 tilio
258 3388 291 3426 en
309 3373 391 3426 Floro
412 3374 526 3443 sumpsit
544 3373 704 3442 quibusdam
723 3388 757 3426 cx
775 3373 903 3428 Cicerone
921 3373 954 3428 de
972 3389 1001 3427 ra
1019 3389 1054 3443 p,
1072 3386 1152 3442 quem
1169 3369 1270 3440 laudat,
1284 3369 1330 3426 ad-

183 3456 274 3510 mixtis
292 3457 345 3511 rid.
363 3471 446 3526 supra
462 3472 488 3525 p.
506 3457 540 3512 46
557 3474 582 3511 n.
601 3458 625 3512 8.

247 3541 266 3610 3)
285 3539 323 3595 Ol.
343 3541 424 3595 etiam
441 3542 524 3596 verba
541 3541 890 3603 hunc-fabricantem
907 3555 968 3595 cum
984 3541 1017 3595 E.
1035 3555 1057 3595 o.
1076 3541 1093 3594 8
1109 3540 1145 3595 in.

248 3625 267 3694 ⁴)
285 3624 346 3679 Vid.
364 3623 440 3678 Eutr.
460 3641 482 3680 c.
500 3626 517 3680 8
533 3625 578 3687 fin.
596 3641 680 3697 supra
695 3643 722 3696 p.
739 3626 773 3680 50
790 3641 816 3679 n.
835 3627 858 3680 1.

248 3709 268 3780 5)
285 3708 326 3762 De
353 3723 444 3763 errore
470 3709 547 3763 Eutr.
574 3725 657 3780 supra
681 3727 708 3780 p.
734 3710 768 3765 55
794 3725 832 3778 sq.
864 3709 925 3778 (rid.
952 3725 977 3763 n.
1003 3707 1030 3778 4)
1053 3707 1240 3763 tractavimus:
1265 3721 1330 3762 care

179 3791 272 3848 videas
294 3793 322 3846 in
345 3808 376 3848 eo
400 3792 532 3847 diversam
555 3796 589 3848 ab
612 3795 673 3850 aliis
697 3793 873 3864 scriptoribus
894 3793 928 3847 de
946 3793 1045 3861 Tarqu.
1068 3798 1153 3847 morte
1174 3791 1330 3847 memoriam

180 3876 214 3930 ab
231 3873 308 3931 Eutr.
328 3882 355 3929 et
371 3876 523 3944 Augustino
542 3884 675 3933 serratam
693 3885 723 3933 ut
739 3877 805 3932 fecit
823 3877 975 3946 Schwegler
990 3876 1025 3931 11.
1042 3892 1069 3947 p.
1087 3875 1121 3931 65
1137 3892 1164 3934 11.
1182 3877 1204 3930 1.

246 3960 266 4029 6)
283 3954 343 4020 Vid,
362 3976 444 4029 supra
460 3976 486 4030 p.
505 3960 538 4015 37
556 3965 592 4030 (n.
610 3963 634 4034 3)
652 3978 678 4030 p.
696 3962 730 4016 55
746 3978 772 4020 n.
791 3962 806 4014 7
824 3979 849 4031 p.
868 3961 902 4016 58
919 3978 944 4015 n.
963 3960 986 4020 5.

248 4044 359 4114 ⁷)Quae
376 4045 404 4098 in
422 4044 474 4099 fine
492 4044 568 4101 addit
589 4044 729 4114 Angustia.
749 4045 932 4101 Cincinnatum
951 4045 983 4100 in
1001 4042 1113 4099 eadem
1131 4047 1330 4114 paupertate

180 4128 340 4182 mansisse
357 4143 411 4182 non
428 4128 500 4199 apud
518 4130 595 4185 Eutr.
613 4129 739 4198 leguntur
757 4129 789 4184 cf.
808 4129 881 4188 Flor.
899 4129 919 4183 1.
937 4128 954 4183 5
975 4127 1026 4199 (11)
1046 4127 1150 4183 rediit
1170 4128 1209 4183 ad
1226 4128 1329 4183 bores

180 4226 296 4266 rursus
314 4211 487 4283 eiusdemque
504 4213 587 4270 rerba
604 4213 752 4270 dictator
768 4213 807 4268 ab
825 4218 937 4268 aratro
956 4213 1018 4282 (Cic.
1036 4213 1070 4267 de
1087 4211 1133 4267 fin.
1150 4213 1185 4267 Π.
1202 4213 1273 4283 4,12
1290 4212 1330 4267 ab

181 4301 294 4354 aratro
311 4295 535 4366 adduxerunt)
554 4290 615 4352 cum
631 4299 772 4370 Angustia.
791 4297 829 4352 ab
847 4302 958 4354 aratro
976 4311 1049 4352 esse
1066 4296 1250 4354 abductum.
