3038 4964
658 460 820 522 „41-

165 643 284 707 Latinis
305 641 436 708 Albanis
458 641 664 728 Romanisque
690 640 814 724 regibus
841 641 994 707 continuit
1021 642 1052 707 et
1073 642 1118 707 ita
1139 641 1263 724 quidem
1282 644 1319 707 ut

166 743 266 808 multa
299 761 376 824 quae
408 743 550 808 innuerat
581 743 703 806 tantum
728 740 847 820 Livius,
874 742 994 824 plenius
1028 741 1196 824 explicaret
1228 744 1318 824 atque

166 843 409 908 narratiunculas
432 842 580 925 quasdam
601 841 756 906 fabulosas
779 842 910 909 adderet.

252 942 346 1008 Cuius
368 943 463 1008 fontis
489 960 566 1023 quae
595 941 710 1007 similia
731 942 812 1025 apud
834 943 920 1007 Eutr.
947 941 1130 1026 investigare
1155 943 1254 1025 potui,
1269 944 1320 1008 hic

168 1062 300 1127 appono:

252 1145 377 1227 Eutrop.
399 1162 463 1227 oap.
488 1146 504 1207 1
527 1143 560 1207 is
582 1162 662 1207 cum
683 1143 785 1208 inter
805 1144 978 1225 pastores
999 1143 1318 1212 latrocinaretur:

169 1244 205 1308 cf.
216 1245 339 1310 Hieron.
360 1264 396 1309 ex
407 1244 504 1308 latina
514 1242 641 1309 historia
652 1243 687 1308 ir.
704 1243 743 1306 14
752 1243 940 1312 Mommsen:
955 1243 1009 1326 qui
1020 1262 1089 1308 cum
1110 1246 1154 1310 de
1166 1246 1319 1311 Romuli

170 1344 205 1408 et
230 1345 336 1408 Remi
361 1345 562 1410 iuventute
588 1345 700 1426 ageret,
726 1344 853 1426 vulgata
883 1346 914 1408 et
940 1343 1004 1408 ianr
1032 1362 1068 1408 eu
1096 1345 1182 1412 Livio
1215 1348 1318 1430 nota¹)
1345 1430 1347 1433 Ι

170 1445 317 1527 exposuit,
339 1445 445 1528 paucis
460 1443 694 1528 (chronologicis
707 1443 879 1526 potissime)
895 1443 1017 1510 additis.
1053 1443 1112 1510 Sed
1128 1447 1201 1510 dum
1215 1464 1319 1510 omnes

170 1563 264 1628 paene
286 1534 378 1610 ceteri
399 1545 452 1628 qui
472 1545 547 1610 haec
568 1545 766 1609 narraverunt
780 1543 943 1626 scriptores
957 1544 1124 1610 Romulum
1140 1548 1170 1610 et
1186 1549 1320 1612 Remum

169 1646 248 1710 inter
268 1647 406 1729 pastores
428 1645 571 1710 educatos
592 1663 658 1709 esse
680 1645 771 1733 atque
793 1661 864 1707 cum
884 1643 1104 1711 latronibus
1130 1645 1232 1710 rixas
1253 1646 1318 1710 ha-

171 1746 301 1811 buisse
322 1748 477 1828 postremo
505 1745 671 1811 collecta
691 1745 886 1827 pastorum
908 1744 1046 1827 manu²)
1073 1743 1105 1808 in
1132 1745 1250 1810 Amulii
1271 1765 1319 1810 re-

171 1845 256 1930 giam
281 1847 431 1929 impetum
458 1845 566 1911 fecisse
594 1846 740 1924 referant,
767 1843 891 1909 Hieron.
918 1843 1048 1910 eundem
1073 1846 1237 1911 collecta
1262 1847 1319 1911 la-

171 1950 319 2013 tronum
345 1948 381 2011 et
407 1949 601 2031 pastorum
629 1944 873 2010 manufactum
895 1963 961 2008 esse
987 1947 1099 2012 narrat:
1143 1945 1319 2012 simillimis

173 2047 338 2130 ltutmpius
360 2045 460 2111 verbis
481 2065 557 2111 usus
572 2048 619 2111 est
640 2049 736 2130 (cum
752 2045 852 2108 inter
872 2046 1045 2126 pastores
1067 2046 1319 2111 latrocinare-

172 2149 251 2232 tur)
275 2147 396 2212 soilioet
414 2165 449 2210 er
471 2146 554 2211 fonte
575 2149 702 2228 uterque
723 2146 836 2225 hausit,
859 2146 911 2228 qui
934 2147 1088 2211 Romanae
1108 2146 1193 2210 urbis
1215 2147 1320 2212 condi·

173 2250 255 2314 tores
276 2248 411 2313 latrones
425 2265 520 2331 paene
535 2247 630 2312 tuisse
644 2247 792 2311 innuerat.
837 2246 935 2326 Quam
951 2245 1131 2329 opinionem,
1153 2266 1172 2311 a
1192 2247 1321 2312 candore

173 2350 227 2414 illo
253 2347 366 2414 liviano
395 2367 519 2430 prorsus
547 2348 687 2426 alienam,
721 2349 786 2411 tam
814 2365 953 2430 expresse
985 2348 1137 2428 prolatam
1163 2347 1214 2412 vix
1245 2347 1321 2412 alibi

174 2449 325 2514 invenies:
347 2449 470 2512 durIsse
491 2447 612 2513 videtur
634 2467 650 2512 e
671 2447 773 2512 studio
796 2448 937 2529 antiquas
959 2447 1030 2511 illas
1056 2447 1175 2512 fabulas
1204 2447 1321 2512 ratione

174 2549 306 2630 quadam
338 2547 509 2630 explicandi
538 2551 627 2630 atque
655 2547 893 2613 communiorem
924 2547 1076 2631 quendam
1103 2549 1322 2631 interpretandi

174 2649 301 2712 modum
334 2647 443 2712 lisdem
479 2648 654 2713 adhibendi:
687 2649 769 2730 quod
798 2649 934 2713 studium
965 2649 1143 2732 plerumque
1174 2649 1322 2732 reperitur

175 2749 257 2832 apud
279 2749 440 2830 scriptores
461 2749 638 2830 posterioris
659 2747 803 2832 aetatis³)
824 2749 876 2814 vel
896 2749 1043 2815 Romanis
1064 2748 1244 2832 inimicos⁴).

258 2849 384 2933 Ilutrop.
406 2848 478 2915 ibid.
501 2849 680 2914 decernet
702 2852 784 2914 octo
807 2869 921 2914 annos
943 2852 1068 2915 natus:
1104 2849 1183 2913 hanc
1205 2851 1321 2915 Romu-

174 2949 238 3013 lum
263 2968 333 3013 oum
353 2950 483 3013 Romam
511 2949 653 3014 conderet
679 2951 811 3033 aetatem
837 2950 980 3015 habuIsse
1007 2950 1069 3016 iam
1091 2950 1204 3015 Fabius
1228 2950 1321 3033 (apud
1368 2967 1369 2970 ’

176 3050 302 3133 Dionys.
326 3051 350 3116 l.
375 3049 414 3114 79
437 3050 474 3115 cf.
503 3051 544 3116 ll.
567 3049 622 3133 56)
644 3050 811 3114 tradiderat
832 3050 1276 3119 oi.Plut.Rom.1280hn.o.
1304 3055 1320 3114 1

242 3251 260 3319 1)
279 3249 318 3307 Cf.
335 3250 446 3304 Hieron.
464 3249 628 3302 adimendi
646 3245 852 3318 (adimendae
871 3251 942 3318 spei
959 3251 1057 3320 Ronc.)
1079 3255 1193 3319 partus
1215 3250 1323 3318 gratia

174 3348 234 3387 cunr
251 3332 329 3387 Liuio
346 3332 368 3391 Ι,
385 3334 410 3402 3,
425 3333 457 3387 11
474 3348 560 3402 spem
577 3340 693 3401 partus
710 3333 839 3390 ademit.

240 3419 262 3486 ²)
279 3417 341 3474 Vid.
359 3416 416 3471 Lir.
435 3417 456 3471 Ι.
473 3418 496 3486 5,
515 3418 530 3471 7
548 3418 582 3475 of.
599 3417 623 3476 4.
739 3424 741 3429 ’

240 3502 260 3572 ³)
278 3501 399 3556 Gouierri
425 3506 539 3570 possunt
564 3503 597 3557 de
627 3502 695 3556 asilo
722 3502 873 3558 aRomulo
895 3503 1041 3557 constituto
1067 3502 1243 3570 narrationes,
1269 3518 1322 3570 quo

173 3586 304 3640 Romulus
326 3601 505 3640 convenarum
523 3587 604 3640 immo
621 3587 785 3641 latronum
802 3586 863 3657 (vid.
881 3586 998 3640 Iuvenal.
1017 3586 1092 3643 VHI.
1109 3586 1160 3640 ato
1177 3592 1205 3639 et
1222 3586 1322 3655 Schol.)

174 3671 301 3739 populum
314 3671 452 3738 collegerit
464 3671 527 3740 (vid.
540 3671 691 3738 Schwegler
704 3688 725 3729 r.
738 3672 770 3728 G.
782 3671 803 3727 I.
815 3688 840 3740 p.
853 3672 904 3725 464
916 3672 964 3740 sq.)
976 3671 1009 3728 cl.
1023 3670 1127 3739 Apulei.
1139 3670 1248 3724 Metam.
1261 3669 1322 3728 VII.

176 3755 206 3808 11
229 3762 256 3809 et
277 3755 436 3824 Xenophon.
459 3757 559 3825 Ephes.
581 3755 617 3813 11.
638 3771 665 3823 p.
682 3756 716 3808 35
738 3756 784 3822 qui
807 3754 943 3809 Martem
965 3755 1127 3809 latronum
1149 3758 1322 3823 patronum

173 3841 257 3896 luisse
275 3841 392 3898 tradunt.

242 3929 263 3994 ⁴)
281 3926 342 3984 vio.
355 3941 424 3995 quac
443 3932 538 3980 contra
554 3927 697 3980 multorum
716 3925 880 3980 Graecorum
898 3924 1057 3993 opinionem,
1074 3924 1133 3977 Ros
1145 3939 1211 3977 anos
1223 3939 1257 3977 ex
1269 3923 1321 3979 ool·

175 4014 244 4068 luvie
258 4013 374 4081 quadam
387 4012 515 4079 originem
528 4011 636 4064 trahere
649 4011 794 4079 Dionysius
807 4008 920 4078 protulit
929 4008 961 4072 (Ι.
973 4008 997 4061 «t
1010 4009 1035 4064 5.
1047 4008 1088 4064 89.
1097 4007 1144 4065 IV.
1156 4009 1198 4066 26.
1207 4009 1268 4067 VII.
1281 4008 1322 4076 70)

176 4106 258 4168 atque
284 4111 353 4165 quac
380 4096 452 4163 apud
477 4094 609 4149 lustinum
635 4095 808 4149 Mithridates
826 4093 955 4149 Romame
982 4091 1086 4145 obiicit:
1114 4109 1195 4160 quos
1217 4101 1322 4147 auteur

174 4186 324 4239 homines
341 4183 503 4236 Romanos
526 4180 616 4234 esse?
644 4195 756 4249 nempe
778 4183 931 4248 pastores
953 4175 1007 4244 qui
1025 4176 1203 4232 latrocInio
1222 4179 1321 4231 iustis

175 4268 314 4324 dominis
332 4268 515 4335 ademptum
533 4265 635 4319 solum
653 4270 787 4319 teneant
804 4261 940 4332 (XXVIII.
958 4261 982 4331 2,
1001 4263 1025 4320 8.
1044 4261 1077 4319 of.
1094 4260 1246 4318 XXXVIII.
1259 4263 1282 4330 6,
1295 4263 1322 4330 73

176 4355 200 4424 7,
218 4356 246 4425 1)
264 4359 292 4408 et
309 4352 471 4407 christianos
490 4351 636 4419 scriptores
654 4364 671 4404 a
688 4348 855 4416 Schweglero
872 4345 997 4400 laudatos
1015 4347 1051 4415 (p.
1068 4346 1120 4400 465
1137 4362 1162 4399 n.
1180 4345 1215 4414 2).
