3038 4964
645 1761 762 1884 bap.
794 1763 868 1860 ΙΙ.

444 1930 498 2010 Ile
525 1928 823 2029 chronologia
847 1927 1067 2032 Eutropii.

265 2104 302 2166 In
322 2100 436 2165 liberae
458 2099 502 2165 rei
521 2119 550 2182 p.
571 2098 760 2181 temporibus
781 2097 1017 2175 describendis¹l
1039 2117 1100 2162 uon
1115 2099 1249 2163 multum
1268 2101 1331 2163 Eu-

183 2201 318 2284 tropium
346 2222 364 2267 a
386 2201 536 2267 chronicis
563 2199 668 2280 qualia
693 2198 813 2263 ultimis
839 2197 970 2262 Romani
998 2197 1118 2281 imperii
1144 2199 1333 2282 temporibus

185 2301 452 2367 conscribebantur
478 2300 599 2366 differre
625 2299 714 2364 facile
737 2298 869 2364 videbis:
905 2298 1051 2363 nimirum
1080 2319 1263 2381 quamquam
1296 2301 1333 2364 ab

180 2401 366 2466 annalistica
380 2421 481 2467 rerum
498 2400 720 2465 narrandarum
735 2400 851 2464 ratione
872 2400 1026 2467 interdum
1048 2400 1165 2465 recedit
1186 2401 1276 2482 atque
1298 2402 1334 2464 ut

180 2501 338 2566 fluxiorem
377 2502 408 2567 et
439 2500 658 2584 elegantiorem
689 2500 899 2564 narrationem
931 2500 1041 2565 reddat
1071 2500 1172 2564 multa
1204 2499 1332 2564 diversis

181 2601 271 2666 annis
294 2604 363 2667 acta
377 2599 535 2683 coniungit
556 2618 786 2680 nonnumquam
801 2600 896 2665 etiam
910 2600 1046 2666 ordinem
1060 2619 1163 2664 rernm
1177 2601 1334 2682 gestamm

180 2701 308 2768 invertit
328 2700 367 2765 iis
383 2721 459 2784 quae
480 2701 513 2764 iu
534 2719 595 2764 una
609 2699 767 2782 provincia
780 2702 869 2782 gesta
883 2703 955 2765 sunt
970 2688 1156 2765 coniunctim
1170 2699 1333 2781 narratis²)

180 2802 379 2867 nibilominus
401 2819 567 2881 numquam
589 2799 802 2865 annalisticam
824 2800 913 2866 illam
934 2802 1084 2865 rationem
1104 2801 1225 2884 penitus
1239 2799 1332 2864 relin-

181 2902 248 2985 quit
269 2905 301 2968 et
322 2903 505 2983 ubicumque
525 2919 620 2965 annos
644 2900 780 2982 singulos
803 2901 907 2983 aliqua
927 2901 1045 2966 ratione
1066 2902 1192 2983 uotat³).

264 3003 307 3068 Ut
329 3002 367 3065 ad
390 3000 513 3084 singula
537 3004 741 3082 transeamus
769 3003 927 3084 computat
940 3003 1026 3067 Eutr.
1042 3003 1180 3084 tempora
1199 3000 1333 3083 primum

183 3104 214 3187 1)
236 3102 404 3167 numeris
436 3121 626 3168 annorum
661 3101 794 3184 quibus
827 3122 936 3186 reges
969 3101 1132 3168 Romani
1167 3101 1333 3184 impera-

181 3205 319 3271 verunt
350 3204 393 3286 (I.
428 3203 522 3285 1-8)
555 3203 663 3268 deiude
694 3203 733 3284 2)
765 3203 873 3267 aunis
909 3205 996 3286 post
1034 3221 1145 3285 reges
1179 3203 1333 3265 exactos

182 3306 217 3387 (I.
242 3303 359 3387 9-15)
375 3305 443 3368 tum
464 3303 497 3387 3)
519 3304 557 3368 ad
580 3322 773 3368 communem
788 3323 937 3369 annorum
952 3303 1151 3368 consulum
1172 3299 1333 3365 nomini-

183 3405 252 3469 bus
274 3403 518 3487 designationem
540 3403 652 3468 transit
672 3403 828 3468 interdum
854 3403 888 3485 4)
910 3403 1021 3468 aunis
1048 3403 1093 3467 ab
1120 3403 1210 3466 urbe
1244 3419 1332 3465 oon-

250 3606 268 3675 ¹)
286 3605 352 3659 Inde
378 3605 433 3658 al.
457 3604 516 3659 VII.
540 3619 562 3658 o,
585 3605 602 3658 8
628 3618 681 3672 quo
704 3603 891 3658 Suetonium
910 3603 1062 3658 exscribere
1084 3602 1187 3672 incipit,
1213 3601 1248 3655 ad
1266 3601 1333 3655 bio·

181 3690 372 3762 graphicum
390 3689 523 3743 rationem
536 3704 565 3743 se
583 3687 716 3742 convertit
733 3688 804 3757 (oum
817 3688 863 3742 alii
881 3688 1068 3742 chronieorum
1085 3688 1232 3755 scriptores
1250 3701 1333 3753 usque

182 3774 314 3829 adfinem
332 3790 376 3828 res
394 3773 428 3827 ad
447 3772 565 3840 singulos
583 3787 668 3827 annos
686 3772 819 3846 “adnotare
842 3777 955 3841 pergant
977 3773 1059 3825 veluti
1076 3771 1210 3841 Eusebius
1228 3770 1333 3833 Cassio·

181 3857 283 3928 dorusl:
303 3875 382 3926 quam
395 3874 452 3912 rem
463 3859 522 3926 ipse
539 3857 568 3910 in
580 3856 750 3911 dedicatione
768 3857 857 3926 operis
870 3856 987 3910 innuisse
1006 3855 1123 3910 videtur:
1141 3870 1184 3908 res
1197 3855 1333 3910 Romanus

182 3942 220 3995 ab
246 3957 270 3996 u.
294 3962 314 3995 c.
337 3942 372 3996 ad
394 3948 515 3996 nostram
542 3942 698 3995 memoriam
721 3983 727 3994 .
747 3987 752 3999 ‚
775 3956 834 4010 per
861 3940 1007 3994 ordinem
1033 3944 1212 4007 temporum
1239 3938 1334 4008 collegi

183 4025 305 4095 strictim,
324 4025 454 4080 additis
473 4026 554 4080 etiam
571 4025 614 4078 his
633 4026 747 4093 quaein
764 4025 916 4094 principum
934 4024 991 4078 uita
1008 4024 1116 4092 egregia
1134 4024 1302 4080 exstiterunt.

250 4110 271 4178 ²)
290 4109 371 4163 Cuius
389 4110 429 4162 rei
446 4111 589 4178 potissima
607 4109 730 4178 exempla
746 4110 762 4162 l.
781 4109 830 4162 111.
849 4125 907 4178 cap.
927 4108 1027 4164 13-17
1045 4114 1072 4162 ot
1089 4108 1107 4167 l,
1126 4108 1171 4163 VI.
1191 4123 1249 4176 cap.
1268 4107 1335 4161 1-5

184 4198 298 4250 exstant.

249 4278 271 4346 ³)
289 4275 426 4330 Interdum
448 4278 558 4334 vocibus
580 4294 644 4333 usus
666 4279 740 4332 velut
766 4278 878 4334 eodem
896 4284 1054 4347 ternpore,
1082 4277 1154 4331 dum
1175 4277 1255 4331 haee
1281 4291 1335 4343 ge·

182 4367 314 4431 cuntur,
332 4361 505 4430 posthaec
524 4368 551 4417 et
568 4362 707 4417 similibus.
