3038 4964
670 463 833 528 ,74-

81 649 316 732 scau-arquodam
338 646 503 714 adversarii
524 646 681 711 minuendi
703 646 835 729 suero)
857 647 975 726 ductus,
998 668 1030 714 re
1051 668 1122 715 vera
1144 651 1258 717 Persen
1280 652 1333 731 „in

180 749 291 815 faciem
312 750 501 833 prostratum
527 747 684 829 prehensis
698 747 791 812 Pauli
811 748 941 829 genibus
963 768 1052 814 voces
1073 770 1183 832 parum
1203 769 1332 834 genero-

182 869 233 916 sas
265 850 419 914 edidisse'’
452 847 586 912 narrauit
606 848 644 930 (c.
663 848 727 929 26),
750 848 1006 931 sublevatumque
1027 868 1046 914 a
1065 850 1163 916 Paulo
1185 854 1255 916 tum
1278 853 1332 917 ‹le-

180 970 268 1014 mum
289 969 357 1015 esse
378 948 485 1014 retulit
507 949 543 1029 (c.
566 947 630 1027 27),
656 950 821 1030 postquam
847 949 875 1012 ei
896 950 1004 1014 acerba
1026 952 1057 1014 et
1083 950 1218 1016 ludibrio
1239 952 1332 1033 plena

181 1051 316 1116 oratione
342 1049 497 1133 ignaviam
523 1048 590 1114 eius
611 1049 730 1114 Paulus
756 1049 994 1132 exprobraverat.
1025 1088 1062 1096 ψ
1088 1050 1172 1130 erae
1199 1051 1332 1135 denique

180 1152 266 1216 Eutr.
289 1171 317 1216 v.
339 1150 381 1213 34
402 1151 455 1230 (et
476 1149 579 1214 iuxta
605 1168 641 1212 se
668 1148 704 1212 in
727 1147 820 1213 sella
845 1150 1061 1232 collocavit)
1088 1151 1241 1234 adiungit,
1269 1172 1331 1218 non

180 1251 304 1333 quidem
325 1249 408 1334 apud
424 1248 547 1314 Livium
568 1248 803 1330 inveniuntur).
828 1251 881 1315 sed
904 1271 974 1315 cum
997 1251 1112 1315 similia
1125 1250 1231 1316 Victor
1253 1272 1330 1335 quo·

183 1370 242 1434 qne
264 1370 288 1415 c.
311 1351 354 1414 54
380 1349 559 1434 (assidere
585 1349 657 1413 sibi
686 1348 817 1431 iussit)
844 1351 949 1432 etqui
975 1352 1066 1416 verbo
1093 1354 1182 1417 tenus
1204 1351 1330 1419 Livium

179 1450 389 1533 transscripsit
413 1449 551 1514 Valerius
574 1448 727 1513 Maximus
750 1450 770 1514 l.
793 1467 817 1515 c.
840 1449 890 1531 (V.
916 1450 946 1528 1,
970 1450 989 1514 8
1016 1451 1128 1516 lateri
1147 1471 1219 1518 suo
1245 1472 1330 1536 pro·

179 1552 317 1617 ximum
338 1551 375 1615 in
396 1549 555 1615 consilio
582 1548 773 1613 considere
800 1549 930 1631 iussit)
952 1551 1135 1628 exhiberent,
1157 1553 1330 1618 rectissime

179 1651 296 1717 Valerii
317 1650 383 1716 loco
406 1670 478 1715 oum
500 1649 581 1716 Livii
603 1649 692 1732 capit.
717 1648 734 1711 l
756 1649 816 1713 fine
842 1649 1065 1732 (introductum
1091 1653 1122 1715 in
1148 1653 1329 1718 tabernacu-

179 1751 245 1816 lum
262 1751 438 1815 adversus
460 1749 657 1815 advocatos
671 1750 708 1813 in
722 1749 923 1815 consilium
944 1752 1135 1817 considere
1150 1752 1329 1837 adversusl)

179 1851 246 1932 sit)
268 1852 441 1933 comparato
463 1849 627 1914 Xoebler
652 1849 729 1914 libro
756 1849 876 1933 saepius
902 1851 1027 1917 laudato
1049 1872 1078 1936 p.
1101 1852 1225 1916 73-75
1246 1855 1329 1937 apud

179 1950 300 2017 Liuium
328 1950 517 2015 considere
549 1949 591 2013 ad
618 1949 680 2033 (vel
706 1949 826 2030 iuxta)
859 1969 895 2015 se
927 1951 1039 2017 iussit
1071 1953 1235 2036 legendum
1261 1973 1329 2020 esse

178 2050 393 2134 pronuntiavit

261 2170 291 2234 p.
312 2150 353 2214 27
375 2170 403 2218 v.
425 2149 466 2214 34
481 2188 520 2197 -
535 2170 563 2233 p.
585 2149 627 2214 28
648 2170 675 2217 v.
698 2149 730 2214 3:
754 2154 878 2217 senatus
901 2154 1075 2219 consultum
1096 2156 1182 2219 Eutr.
1205 2174 1327 2238 expres·

178 2253 219 2317 sit
241 2251 321 2335 quod
340 2251 406 2318 Liv.
424 2250 517 2316 XLV.
534 2250 573 2314 18
597 2261 654 2327 (ex
672 2240 919 2337 'annalibus⁴l)
941 2254 1047 2319 retulit
1068 2254 1223 2338 (liberos
1244 2275 1327 2322 esse

177 2352 346 2436 placebat
374 2351 591 2417 Macedonas
627 2353 735 2433 atque
771 2352 924 2434 Illyrios
958 2357 999 2419 ut
1034 2355 1201 2420 omuibus
1238 2376 1326 2440 gen-

177 2453 279 2518 tibus
302 2453 531 2537 appareretl)
553 2470 639 2516 arma
660 2471 689 2535 p.
711 2452 747 2518 R.
769 2471 831 2517 non
851 2453 955 2519 liberis
977 2455 1156 2521 servitutem
1178 2456 1232 2520 sed
1253 2476 1327 2522 oon-

177 2556 225 2619 tra
247 2554 449 2620 seruientibus
465 2553 641 2617 libertatem
662 2552 805 2619 adferre..
827 2556 848 2632 ξ
871 2552 889 2616 7
910 2555 1053 2637 placuit..
1077 2560 1112 2622 et
1134 2556 1327 2622 dimidium

177 2657 311 2721 tributi
333 2674 439 2738 quam
460 2654 553 2736 quod
576 2653 726 2736 regibus
752 2653 846 2719 ferre
868 2656 973 2721 soliti
1000 2660 1104 2722 eraut
1125 2678 1155 2742 p.
1177 2659 1214 2723 R.
1236 2677 1326 2742 pen-

178 2756 296 2838 derel:
324 2775 388 2838 cap.
411 2755 465 2831 26,
491 2753 614 2818 11-14
635 2753 841 2837 (Polyb.⁶))
863 2757 938 2821 haec
959 2759 996 2823 ab
1012 2759 1123 2824 Anicio
1146 2760 1178 2823 in
1199 2760 1325 2842 Illyrico

177 2856 210 2920 in
231 2857 381 2920 conventu
402 2853 575 2937 principum
596 2854 768 2936 prouinciae
790 2857 1041 2940 pronuntiantur,
1067 2877 1131 2943 cap.
1155 2859 1197 2924 29
1218 2861 1326 2926 eadem

178 2959 211 3038 (ξ
232 2956 265 3038 4)
287 2956 404 3020 Paulus
431 2955 467 3018 in
499 2959 689 3020 conventu
714 2955 787 3038 (uid.
811 2955 861 3034 30,
886 2958 917 3040 1)
945 2958 1156 3043 principum
1184 2960 1325 3026 civita-

106 3112 112 3118 .
177 3056 273 3120 tium
293 3055 490 3120 Macedoniae
512 3053 550 3138 (c.
572 3054 624 3133 29,
647 3053 679 3138 1)
705 3058 929 3139 pronuntiat
956 3061 989 3143 (ξ
1010 3060 1044 3136 3;
1067 3081 1092 3129 c.
1113 3061 1163 3140 30,
1189 3063 1219 3144 1)
1247 3081 1325 3146 quae

175 3158 261 3223 Eutr.
283 3156 316 3219 in
338 3154 535 3238 sequentibus

243 3375 263 3444 ¹)
281 3374 380 3429 Nissen
397 3373 424 3428 ll.
442 3389 480 3432 ec.
498 3389 524 3443 p.
542 3373 592 3428 269
610 3373 643 3431 of.
659 3390 685 3443 p.
703 3375 762 3430 303.

241 3460 263 3528 ²)
280 3460 375 3526 Neque
393 3458 421 3512 in
438 3457 581 3512 Romana
599 3458 678 3513 huius
696 3461 735 3514 rei
747 3461 901 3516 narratione
920 3463 992 3531 apud
1004 3464 1178 3520 Plutarchum
1192 3482 1226 3520 ex
1239 3482 1324 3535 eoque

174 3542 319 3613 Zonaram;
337 3544 417 3597 immo
435 3543 507 3612 apud
525 3542 683 3597 iohannem:
701 3539 752 3600 ἐπί
762 3564 842 3614 τινος
859 3546 1020 3620 βασιλικόυ
1033 3543 1150 3629 θρόνου
1171 3544 1324 3628 πάρεδρον

174 3628 273 3717 ἑαυτῷ
290 3628 505 3712 κατεστήσατο.

241 3728 353 3793 ²)Haec
370 3727 398 3780 in
415 3728 507 3781 codice
525 3727 727 3782 Vindobonensi
745 3729 880 3799 leguntur3
898 3731 1037 3801 Polybio
1056 3749 1162 3802 qnoque
1180 3736 1212 3805 (v.
1226 3736 1325 3790 Nissen

173 3827 199 3881 p.
216 3812 275 3880 273)
299 3827 362 3866 usus
384 3811 494 3865 Diodor.
515 3812 599 3865 XXX.
625 3812 659 3866 23
680 3813 760 3867 Dind.
789 3813 887 3868 similia
907 3823 997 3871 servat
1016 3814 1071 3895 (ἐις
1091 3815 1125 3877 τὸ
1145 3817 1211 3895 περὶ
1232 3813 1325 3878 ἀστὸν

173 3901 330 3980 συνέδριον
349 3898 510 3977 ἐκάθισεν).

239 3997 259 4066 ⁴)
277 3996 376 4050 Nissen
392 3996 464 4050 XlX.
483 3996 499 4067 ξ
517 3997 534 4051 2
551 4013 577 4066 p.
594 3997 652 4051 274.

240 4081 259 4150 ⁵)
276 4080 349 4135 Loco
376 4080 490 4135 libianae
517 4083 597 4136 aliam
615 4083 726 4151 Eutrop.
745 4085 906 4139 sententiam
926 4086 960 4140 de
978 4102 1026 4141 suo
1043 4088 1186 4144 aduexisse
1204 4089 1323 4144 videtm:

173 4163 221 4233 (ut
247 4164 436 4235 appareret)
461 4180 487 4233 p.
509 4166 542 4224 R.
565 4182 624 4234 pro
651 4168 824 4235 aequitate
850 4171 952 4237 magis
982 4187 1075 4240 quam
1102 4174 1248 4228 avaritia
1274 4174 1323 4228 di·

172 4262 307 4303 mrcare.

239 4332 261 4401 6)
279 4330 378 4386 Nissen
395 4332 468 4391 XIX.
486 4332 502 4403 ξ
520 4333 537 4388 3
553 4349 579 4403 p.
597 4333 655 4388 276.
