<?xml version="1.0" encoding="UTF-8"?>
<!DOCTYPE html PUBLIC "-//W3C//DTD XHTML 1.0 Transitional//EN"
    "http://www.w3.org/TR/xhtml1/DTD/xhtml1-transitional.dtd">
<html xmlns="http://www.w3.org/1999/xhtml" xml:lang="en" lang="en">
 <head>
  <title>
</title>
<meta http-equiv="Content-Type" content="text/html;charset=utf-8" />
  <meta name='ocr-system' content='tesseract 3.04.00' />
  <meta name='ocr-capabilities' content='ocr_page ocr_carea ocr_par ocr_line ocrx_word'/>
</head>
<body>
  <div class='ocr_page' id='page_1' title='image "./deeutropiibreui00pirogoog_0010.png"; bbox 0 0 3038 4964; ppageno 0'>
   <div class='ocr_carea' id='block_1_1' title="bbox 638 1102 875 1228">
    <p class='ocr_par' dir='ltr' id='par_1_1' title="bbox 638 1102 875 1228">
     <span class='ocr_line' id='line_1_1' title="bbox 638 1102 875 1228; baseline -0.008 0"><span class='ocrx_word' id='word_1_1' title='bbox 638 1102 875 1228; x_wconf 78' lang='lat' dir='ltr'>VITA.</span> 
     </span>
    </p>
   </div>
   <div class='ocr_carea' id='block_1_2' title="bbox 330 1482 1329 1579">
    <p class='ocr_par' dir='ltr' id='par_1_2' title="bbox 330 1482 1329 1579">
     <span class='ocr_line' id='line_1_2' title="bbox 330 1482 1329 1579; baseline -0.003 -19"><span class='ocrx_word' id='word_1_2' title='bbox 330 1487 436 1561; x_wconf 88' lang='lat' dir='ltr'>Natus</span> <span class='ocrx_word' id='word_1_3' title='bbox 490 1508 562 1561; x_wconf 87' lang='lat' dir='ltr'>sum</span> <span class='ocrx_word' id='word_1_4' title='bbox 603 1482 818 1562; x_wconf 88' lang='lat' dir='ltr'>Wladimirus</span> <span class='ocrx_word' id='word_1_5' title='bbox 859 1483 1005 1579; x_wconf 86' lang='lat' dir='ltr'>Pirogoff</span> <span class='ocrx_word' id='word_1_6' title='bbox 1044 1484 1201 1577; x_wconf 88' lang='lat' dir='ltr'>Petropoli</span> <span class='ocrx_word' id='word_1_7' title='bbox 1245 1506 1329 1558; x_wconf 90' lang='lat' dir='ltr'>anno</span> 
     </span>
    </p>
   </div>
   <div class='ocr_carea' id='block_1_3' title="bbox 62 1599 1326 1696">
    <p class='ocr_par' dir='ltr' id='par_1_3' title="bbox 62 1599 1326 1696">
     <span class='ocr_line' id='line_1_3' title="bbox 62 1599 1326 1696; baseline -0.002 -20"><span class='ocrx_word' id='word_1_8' title='bbox 62 1652 66 1658; x_wconf 92' lang='lat'><em>-</em></span> <span class='ocrx_word' id='word_1_9' title='bbox 180 1603 428 1678; x_wconf 77' lang='lat' dir='ltr'>Meeeexuvl</span> <span class='ocrx_word' id='word_1_10' title='bbox 452 1604 503 1678; x_wconf 91' lang='lat' dir='ltr'>die</span> <span class='ocrx_word' id='word_1_11' title='bbox 528 1601 628 1677; x_wconf 89' lang='lat' dir='ltr'>XVII</span> <span class='ocrx_word' id='word_1_12' title='bbox 654 1604 773 1679; x_wconf 82' lang='lat' dir='ltr'>mensis</span> <span class='ocrx_word' id='word_1_13' title='bbox 797 1602 944 1677; x_wconf 76' lang='lat' dir='ltr'>Ianuarii</span> <span class='ocrx_word' id='word_1_14' title='bbox 970 1601 1216 1696; x_wconf 89' lang='lat' dir='ltr'>patreNicolao‚</span> <span class='ocrx_word' id='word_1_15' title='bbox 1242 1599 1326 1675; x_wconf 84' lang='lat' dir='ltr'>Aca-</span> 
     </span>
    </p>
   </div>
   <div class='ocr_carea' id='block_1_4' title="bbox 114 1717 1343 3346">
    <p class='ocr_par' dir='ltr' id='par_1_4' title="bbox 114 1717 1343 3346">
     <span class='ocr_line' id='line_1_4' title="bbox 181 1717 1343 1815; baseline -0.007 -21"><span class='ocrx_word' id='word_1_16' title='bbox 181 1722 304 1796; x_wconf 91' lang='lat' dir='ltr'>demiae</span> <span class='ocrx_word' id='word_1_17' title='bbox 321 1720 670 1815; x_wconf 77' lang='lat' dir='ltr'>Medico-Chirurgicae</span> <span class='ocrx_word' id='word_1_18' title='bbox 688 1720 946 1815; x_wconf 85' lang='lat' dir='ltr'>Petropolitanae</span> <span class='ocrx_word' id='word_1_19' title='bbox 971 1719 1156 1813; x_wconf 78' lang='lat' dir='ltr'><strong>professore,</strong></span> <span class='ocrx_word' id='word_1_20' title='bbox 1182 1717 1229 1792; x_wconf 91' lang='lat' dir='ltr'>rei</span> <span class='ocrx_word' id='word_1_21' title='bbox 1254 1741 1343 1812; x_wconf 28' lang='lat' dir='ltr'>pos-1</span> 
     </span>
     <span class='ocr_line' id='line_1_5' title="bbox 181 1836 1327 1925; baseline -0.003 -13"><span class='ocrx_word' id='word_1_22' title='bbox 181 1841 235 1912; x_wconf 88' lang='lat' dir='ltr'>tea</span> <span class='ocrx_word' id='word_1_23' title='bbox 260 1839 414 1912; x_wconf 89' lang='lat' dir='ltr'>scholaris</span> <span class='ocrx_word' id='word_1_24' title='bbox 444 1837 635 1912; x_wconf 79' lang='lat' dir='ltr'>dioecesium</span> <span class='ocrx_word' id='word_1_25' title='bbox 659 1839 841 1915; x_wconf 84' lang='lat' dir='ltr'>Odessanae</span> <span class='ocrx_word' id='word_1_26' title='bbox 865 1841 938 1911; x_wconf 93' lang='lat' dir='ltr'>tum</span> <span class='ocrx_word' id='word_1_27' title='bbox 963 1836 1139 1910; x_wconf 89' lang='lat' dir='ltr'>Kieuensis</span> <span class='ocrx_word' id='word_1_28' title='bbox 1172 1840 1327 1925; x_wconf 78' lang='lat' dir='ltr'>curatore,</span> 
     </span>
     <span class='ocr_line' id='line_1_6' title="bbox 181 1951 1329 2051; baseline 0 -23"><span class='ocrx_word' id='word_1_29' title='bbox 181 1977 242 2048; x_wconf 92' lang='lat' dir='ltr'>quo</span> <span class='ocrx_word' id='word_1_30' title='bbox 271 1957 344 2031; x_wconf 82' lang='lat' dir='ltr'>rivo</span> <span class='ocrx_word' id='word_1_31' title='bbox 371 1957 475 2030; x_wconf 90' lang='lat' dir='ltr'>adhuc</span> <span class='ocrx_word' id='word_1_32' title='bbox 504 1957 654 2050; x_wconf 81' lang='lat' dir='ltr'>salvoque</span> <span class='ocrx_word' id='word_1_33' title='bbox 686 1958 822 2051; x_wconf 85' lang='lat' dir='ltr'>gaudee,</span> <span class='ocrx_word' id='word_1_34' title='bbox 849 1957 952 2030; x_wconf 86' lang='lat' dir='ltr'>matre</span> <span class='ocrx_word' id='word_1_35' title='bbox 970 1951 1144 2028; x_wconf 81' lang='lat' dir='ltr'>catherina</span> <span class='ocrx_word' id='word_1_36' title='bbox 1171 1952 1329 2046; x_wconf 80' lang='lat' dir='ltr'>degente</span> 
     </span>
     <span class='ocr_line' id='line_1_7' title="bbox 181 2068 1328 2169; baseline -0.002 -24"><span class='ocrx_word' id='word_1_37' title='bbox 181 2073 311 2148; x_wconf 83' lang='lat' dir='ltr'>Beresin</span> <span class='ocrx_word' id='word_1_38' title='bbox 338 2073 513 2148; x_wconf 90' lang='lat' dir='ltr'>immatura</span> <span class='ocrx_word' id='word_1_39' title='bbox 538 2074 639 2148; x_wconf 87' lang='lat' dir='ltr'>morte</span> <span class='ocrx_word' id='word_1_40' title='bbox 670 2075 749 2148; x_wconf 92' lang='lat' dir='ltr'>mihi</span> <span class='ocrx_word' id='word_1_41' title='bbox 776 2076 896 2169; x_wconf 84' lang='lat' dir='ltr'>erepta.</span> <span class='ocrx_word' id='word_1_42' title='bbox 947 2068 1041 2145; x_wconf 81' lang='lat' dir='ltr'>Fidei</span> <span class='ocrx_word' id='word_1_43' title='bbox 1072 2093 1146 2144; x_wconf 89' lang='lat' dir='ltr'>sum</span> <span class='ocrx_word' id='word_1_44' title='bbox 1179 2069 1328 2143; x_wconf 88' lang='lat' dir='ltr'>addictus</span> 
     </span>
     <span class='ocr_line' id='line_1_8' title="bbox 180 2187 1328 2287; baseline -0.003 -23"><span class='ocrx_word' id='word_1_45' title='bbox 180 2190 499 2284; x_wconf 83' lang='lat' dir='ltr'>graeco-catholicae.</span> <span class='ocrx_word' id='word_1_46' title='bbox 540 2190 726 2265; x_wconf 87' lang='lat' dir='ltr'>Literarum</span> <span class='ocrx_word' id='word_1_47' title='bbox 760 2189 941 2287; x_wconf 87' lang='lat' dir='ltr'>primordiis</span> <span class='ocrx_word' id='word_1_48' title='bbox 975 2187 1120 2262; x_wconf 88' lang='lat' dir='ltr'>imbutus</span> <span class='ocrx_word' id='word_1_49' title='bbox 1144 2210 1217 2261; x_wconf 91' lang='lat' dir='ltr'>sum</span> <span class='ocrx_word' id='word_1_50' title='bbox 1242 2187 1328 2261; x_wconf 89' lang='lat' dir='ltr'>domi</span> 
     </span>
     <span class='ocr_line' id='line_1_9' title="bbox 180 2304 1327 2402; baseline -0.003 -22"><span class='ocrx_word' id='word_1_51' title='bbox 180 2330 270 2382; x_wconf 89' lang='lat' dir='ltr'>meae</span> <span class='ocrx_word' id='word_1_52' title='bbox 295 2329 395 2400; x_wconf 87' lang='lat' dir='ltr'>usque</span> <span class='ocrx_word' id='word_1_53' title='bbox 421 2307 462 2381; x_wconf 90' lang='lat' dir='ltr'>ad</span> <span class='ocrx_word' id='word_1_54' title='bbox 486 2330 517 2380; x_wconf 87' lang='lat' dir='ltr'>a.</span> <span class='ocrx_word' id='word_1_55' title='bbox 544 2308 781 2384; x_wconf 78' lang='lat' dir='ltr'>uuoeeuxfl</span> <span class='ocrx_word' id='word_1_56' title='bbox 808 2330 869 2402; x_wconf 92' lang='lat' dir='ltr'>quo</span> <span class='ocrx_word' id='word_1_57' title='bbox 894 2309 1148 2401; x_wconf 82' lang='lat' dir='ltr'>Heidelbergam</span> <span class='ocrx_word' id='word_1_58' title='bbox 1173 2304 1327 2398; x_wconf 84' lang='lat' dir='ltr'>commig-</span> 
     </span>
     <span class='ocr_line' id='line_1_10' title="bbox 180 2424 1328 2518; baseline -0.003 -21"><span class='ocrx_word' id='word_1_59' title='bbox 180 2426 251 2498; x_wconf 84' lang='lat' dir='ltr'>ravi</span> <span class='ocrx_word' id='word_1_60' title='bbox 275 2424 383 2518; x_wconf 89' lang='lat' dir='ltr'>ibique</span> <span class='ocrx_word' id='word_1_61' title='bbox 408 2426 446 2497; x_wconf 92' lang='lat' dir='ltr'>ut</span> <span class='ocrx_word' id='word_1_62' title='bbox 471 2447 528 2518; x_wconf 87' lang='lat' dir='ltr'>per</span> <span class='ocrx_word' id='word_1_63' title='bbox 553 2448 675 2500; x_wconf 89' lang='lat' dir='ltr'>annum</span> <span class='ocrx_word' id='word_1_64' title='bbox 700 2450 800 2502; x_wconf 90' lang='lat' dir='ltr'>unum</span> <span class='ocrx_word' id='word_1_65' title='bbox 825 2429 1021 2504; x_wconf 84' lang='lat' dir='ltr'>lectionibus</span> <span class='ocrx_word' id='word_1_66' title='bbox 1046 2425 1235 2518; x_wconf 82' lang='lat' dir='ltr'>linguarum</span> <span class='ocrx_word' id='word_1_67' title='bbox 1243 2426 1328 2496; x_wconf 90' lang='lat' dir='ltr'>rete-</span> 
     </span>
     <span class='ocr_line' id='line_1_11' title="bbox 180 2541 1330 2642; baseline 0.003 -29"><span class='ocrx_word' id='word_1_68' title='bbox 180 2563 252 2615; x_wconf 90' lang='lat' dir='ltr'>rum</span> <span class='ocrx_word' id='word_1_69' title='bbox 278 2545 374 2636; x_wconf 88' lang='lat' dir='ltr'>atque</span> <span class='ocrx_word' id='word_1_70' title='bbox 400 2541 555 2616; x_wconf 76' lang='lat' dir='ltr'>historiae</span> <span class='ocrx_word' id='word_1_71' title='bbox 581 2543 735 2637; x_wconf 89' lang='lat' dir='ltr'>antiquae</span> <span class='ocrx_word' id='word_1_72' title='bbox 760 2547 793 2620; x_wconf 89' lang='lat' dir='ltr'>in</span> <span class='ocrx_word' id='word_1_73' title='bbox 819 2549 944 2642; x_wconf 82' lang='lat' dir='ltr'>Lycaeo</span> <span class='ocrx_word' id='word_1_74' title='bbox 970 2542 1165 2642; x_wconf 81' lang='lat' dir='ltr'>philologico</span> <span class='ocrx_word' id='word_1_75' title='bbox 1184 2541 1330 2617; x_wconf 86' lang='lat' dir='ltr'>adessem</span> 
     </span>
     <span class='ocr_line' id='line_1_12' title="bbox 181 2654 1330 2757; baseline -0.003 -24"><span class='ocrx_word' id='word_1_76' title='bbox 181 2660 230 2733; x_wconf 84' lang='lat' dir='ltr'>uir</span> <span class='ocrx_word' id='word_1_77' title='bbox 256 2660 453 2735; x_wconf 88' lang='lat' dir='ltr'>clarissimus</span> <span class='ocrx_word' id='word_1_78' title='bbox 479 2659 721 2737; x_wconf 77' lang='lat' dir='ltr'>Gadenbachius</span> <span class='ocrx_word' id='word_1_79' title='bbox 745 2664 862 2757; x_wconf 80' lang='lat' dir='ltr'>Lycaei</span> <span class='ocrx_word' id='word_1_80' title='bbox 888 2666 977 2740; x_wconf 89' lang='lat' dir='ltr'>illius</span> <span class='ocrx_word' id='word_1_81' title='bbox 1002 2665 1104 2737; x_wconf 88' lang='lat' dir='ltr'>rector</span> <span class='ocrx_word' id='word_1_82' title='bbox 1130 2679 1222 2753; x_wconf 90' lang='lat' dir='ltr'>opem</span> <span class='ocrx_word' id='word_1_83' title='bbox 1248 2654 1330 2730; x_wconf 86' lang='lat' dir='ltr'>mihi</span> 
     </span>
     <span class='ocr_line' id='line_1_13' title="bbox 180 2775 1328 2858; baseline -0.003 -8"><span class='ocrx_word' id='word_1_84' title='bbox 180 2777 268 2851; x_wconf 82' lang='lat' dir='ltr'>tulit.</span> <span class='ocrx_word' id='word_1_85' title='bbox 319 2775 408 2850; x_wconf 84' lang='lat' dir='ltr'>Anni</span> <span class='ocrx_word' id='word_1_86' title='bbox 434 2777 690 2853; x_wconf 68' lang='lat' dir='ltr'>moedorum</span> <span class='ocrx_word' id='word_1_87' title='bbox 715 2781 870 2856; x_wconf 84' lang='lat' dir='ltr'>autumno</span> <span class='ocrx_word' id='word_1_88' title='bbox 896 2781 1093 2858; x_wconf 86' lang='lat' dir='ltr'>academiam</span> <span class='ocrx_word' id='word_1_89' title='bbox 1119 2776 1184 2852; x_wconf 87' lang='lat' dir='ltr'>adii</span> <span class='ocrx_word' id='word_1_90' title='bbox 1197 2775 1328 2849; x_wconf 91' lang='lat' dir='ltr'>Heidel-</span> 
     </span>
     <span class='ocr_line' id='line_1_14' title="bbox 180 2892 1329 2990; baseline -0.004 -21"><span class='ocrx_word' id='word_1_91' title='bbox 180 2897 366 2990; x_wconf 82' lang='lat' dir='ltr'>bergensem</span> <span class='ocrx_word' id='word_1_92' title='bbox 400 2919 519 2990; x_wconf 83' lang='lat' dir='ltr'>perque</span> <span class='ocrx_word' id='word_1_93' title='bbox 553 2918 655 2970; x_wconf 90' lang='lat' dir='ltr'>unum</span> <span class='ocrx_word' id='word_1_94' title='bbox 691 2901 845 2975; x_wconf 77' lang='lat' dir='ltr'>semestre</span> <span class='ocrx_word' id='word_1_95' title='bbox 877 2900 995 2975; x_wconf 87' lang='lat' dir='ltr'>scholis</span> <span class='ocrx_word' id='word_1_96' title='bbox 1030 2895 1164 2971; x_wconf 86' lang='lat' dir='ltr'>interfui</span> <span class='ocrx_word' id='word_1_97' title='bbox 1201 2892 1329 2967; x_wconf 87' lang='lat' dir='ltr'>Baehrii</span> 
     </span>
     <span class='ocr_line' id='line_1_15' title="bbox 181 3011 1328 3109; baseline -0.004 -23"><span class='ocrx_word' id='word_1_98' title='bbox 181 3012 329 3107; x_wconf 83' lang='lat' dir='ltr'>Kayserii</span> <span class='ocrx_word' id='word_1_99' title='bbox 356 3015 452 3109; x_wconf 89' lang='lat' dir='ltr'>atque</span> <span class='ocrx_word' id='word_1_100' title='bbox 477 3014 673 3090; x_wconf 85' lang='lat' dir='ltr'>Haeusserii.</span> <span class='ocrx_word' id='word_1_101' title='bbox 725 3017 804 3091; x_wconf 93' lang='lat' dir='ltr'>Inde</span> <span class='ocrx_word' id='word_1_102' title='bbox 821 3019 1008 3092; x_wconf 90' lang='lat' dir='ltr'>Berolinum</span> <span class='ocrx_word' id='word_1_103' title='bbox 1033 3036 1085 3089; x_wconf 94' lang='lat' dir='ltr'>me</span> <span class='ocrx_word' id='word_1_104' title='bbox 1111 3011 1231 3087; x_wconf 87' lang='lat' dir='ltr'>contuli</span> <span class='ocrx_word' id='word_1_105' title='bbox 1256 3032 1328 3104; x_wconf 90' lang='lat' dir='ltr'>per·</span> 
     </span>
     <span class='ocr_line' id='line_1_16' title="bbox 114 3127 1328 3227; baseline -0.002 -24"><span class='ocrx_word' id='word_1_106' title='bbox 114 3134 117 3139; x_wconf 77' lang='grc'>’</span> <span class='ocrx_word' id='word_1_107' title='bbox 183 3152 243 3223; x_wconf 91' lang='lat' dir='ltr'>que</span> <span class='ocrx_word' id='word_1_108' title='bbox 260 3152 316 3205; x_wconf 84' lang='lat' dir='ltr'>sex</span> <span class='ocrx_word' id='word_1_109' title='bbox 336 3131 502 3206; x_wconf 88' lang='lat' dir='ltr'>semestria</span> <span class='ocrx_word' id='word_1_110' title='bbox 519 3132 765 3207; x_wconf 89' lang='lat' dir='ltr'>Mommsenium</span> <span class='ocrx_word' id='word_1_111' title='bbox 777 3135 947 3208; x_wconf 89' lang='lat' dir='ltr'>Rankium</span> <span class='ocrx_word' id='word_1_112' title='bbox 959 3130 1171 3227; x_wconf 82' lang='lat' dir='ltr'>Droysenium</span> <span class='ocrx_word' id='word_1_113' title='bbox 1184 3127 1328 3202; x_wconf 83' lang='lat' dir='ltr'>Boeckh·</span> 
     </span>
     <span class='ocr_line' id='line_1_17' title="bbox 182 3244 1330 3346; baseline -0.002 -27"><span class='ocrx_word' id='word_1_114' title='bbox 182 3248 249 3320; x_wconf 89' lang='lat' dir='ltr'>ium</span> <span class='ocrx_word' id='word_1_115' title='bbox 280 3249 461 3342; x_wconf 86' lang='lat' dir='ltr'>Hauptium</span> <span class='ocrx_word' id='word_1_116' title='bbox 496 3250 705 3344; x_wconf 78' lang='lat' dir='ltr'>Geppertium</span> <span class='ocrx_word' id='word_1_117' title='bbox 730 3252 1063 3346; x_wconf 81' lang='lat' dir='ltr'>Trendelenburgium</span> <span class='ocrx_word' id='word_1_118' title='bbox 1097 3244 1330 3323; x_wconf 85' lang='lat' dir='ltr'>Steinthalium</span> 
     </span>
    </p>
   </div>
   <div class='ocr_carea' id='block_1_5' title="bbox 37 3365 1331 3475">
    <p class='ocr_par' dir='ltr' id='par_1_5' title="bbox 37 3365 1331 3475">
     <span class='ocr_line' id='line_1_18' title="bbox 37 3365 1331 3475; baseline -0.002 -37"><span class='ocrx_word' id='word_1_119' title='bbox 37 3471 40 3475; x_wconf 81' lang='lat'>.</span> <span class='ocrx_word' id='word_1_120' title='bbox 181 3365 399 3460; x_wconf 81' lang='lat' dir='ltr'>Brugschium</span> <span class='ocrx_word' id='word_1_121' title='bbox 412 3367 522 3440; x_wconf 88' lang='lat' dir='ltr'>audivi</span> <span class='ocrx_word' id='word_1_122' title='bbox 534 3367 691 3443; x_wconf 83' lang='lat' dir='ltr'>docentes.</span> <span class='ocrx_word' id='word_1_123' title='bbox 710 3370 789 3444; x_wconf 91' lang='lat' dir='ltr'>Inde</span> <span class='ocrx_word' id='word_1_124' title='bbox 806 3373 848 3445; x_wconf 86' lang='lat' dir='ltr'>ab</span> <span class='ocrx_word' id='word_1_125' title='bbox 862 3365 1211 3446; x_wconf 80' lang='lat' dir='ltr'>anniuncoonxvss</span> <span class='ocrx_word' id='word_1_126' title='bbox 1222 3384 1331 3438; x_wconf 90' lang='lat' dir='ltr'>mense</span> 
     </span>
    </p>
   </div>
   <div class='ocr_carea' id='block_1_6' title="bbox 180 3481 1331 4292">
    <p class='ocr_par' dir='ltr' id='par_1_6' title="bbox 180 3481 1331 4292">
     <span class='ocr_line' id='line_1_19' title="bbox 180 3481 1328 3582; baseline -0.001 -27"><span class='ocrx_word' id='word_1_127' title='bbox 180 3481 265 3557; x_wconf 88' lang='lat' dir='ltr'>Maio</span> <span class='ocrx_word' id='word_1_128' title='bbox 290 3505 392 3577; x_wconf 91' lang='lat' dir='ltr'>usque</span> <span class='ocrx_word' id='word_1_129' title='bbox 425 3486 467 3559; x_wconf 90' lang='lat' dir='ltr'>ad</span> <span class='ocrx_word' id='word_1_130' title='bbox 502 3485 580 3559; x_wconf 89' lang='lat' dir='ltr'>anni</span> <span class='ocrx_word' id='word_1_131' title='bbox 611 3487 752 3580; x_wconf 82' lang='lat' dir='ltr'>proximi</span> <span class='ocrx_word' id='word_1_132' title='bbox 782 3490 975 3563; x_wconf 85' lang='lat' dir='ltr'>autumnum</span> <span class='ocrx_word' id='word_1_133' title='bbox 992 3486 1123 3582; x_wconf 85' lang='lat' dir='ltr'>Lipsiae</span> <span class='ocrx_word' id='word_1_134' title='bbox 1148 3483 1328 3558; x_wconf 89' lang='lat' dir='ltr'>scholarum</span> 
     </span>
     <span class='ocr_line' id='line_1_20' title="bbox 181 3600 1327 3696; baseline -0.001 -22"><span class='ocrx_word' id='word_1_135' title='bbox 181 3600 353 3674; x_wconf 83' lang='lat' dir='ltr'>Ritschelii</span> <span class='ocrx_word' id='word_1_136' title='bbox 379 3607 412 3676; x_wconf 88' lang='lat' dir='ltr'>et</span> <span class='ocrx_word' id='word_1_137' title='bbox 437 3602 540 3677; x_wconf 81' lang='lat' dir='ltr'>durtii</span> <span class='ocrx_word' id='word_1_138' title='bbox 566 3603 872 3696; x_wconf 84' lang='lat' dir='ltr'>frequentendmum</span> <span class='ocrx_word' id='word_1_139' title='bbox 904 3629 1001 3682; x_wconf 90' lang='lat' dir='ltr'>eausa</span> <span class='ocrx_word' id='word_1_140' title='bbox 1026 3602 1239 3679; x_wconf 87' lang='lat' dir='ltr'>commoratus</span> <span class='ocrx_word' id='word_1_141' title='bbox 1265 3600 1327 3674; x_wconf 88' lang='lat' dir='ltr'>Be-</span> 
     </span>
     <span class='ocr_line' id='line_1_21' title="bbox 182 3717 1331 3820; baseline 0.001 -31"><span class='ocrx_word' id='word_1_142' title='bbox 182 3717 322 3790; x_wconf 89' lang='lat' dir='ltr'>rolinum</span> <span class='ocrx_word' id='word_1_143' title='bbox 347 3742 492 3794; x_wconf 85' lang='lat' dir='ltr'>reuersus</span> <span class='ocrx_word' id='word_1_144' title='bbox 518 3743 590 3794; x_wconf 86' lang='lat' dir='ltr'>sum</span> <span class='ocrx_word' id='word_1_145' title='bbox 620 3721 728 3815; x_wconf 89' lang='lat' dir='ltr'>ibique</span> <span class='ocrx_word' id='word_1_146' title='bbox 754 3724 854 3798; x_wconf 93' lang='lat' dir='ltr'>denuo</span> <span class='ocrx_word' id='word_1_147' title='bbox 881 3749 937 3820; x_wconf 91' lang='lat' dir='ltr'>per</span> <span class='ocrx_word' id='word_1_148' title='bbox 967 3727 1025 3798; x_wconf 89' lang='lat' dir='ltr'>hos</span> <span class='ocrx_word' id='word_1_149' title='bbox 1054 3724 1205 3817; x_wconf 88' lang='lat' dir='ltr'>quattuor</span> <span class='ocrx_word' id='word_1_150' title='bbox 1230 3740 1331 3792; x_wconf 92' lang='lat' dir='ltr'>annos</span> 
     </span>
     <span class='ocr_line' id='line_1_22' title="bbox 182 3837 1331 3932; baseline 0.001 -24"><span class='ocrx_word' id='word_1_151' title='bbox 182 3837 382 3912; x_wconf 81' lang='lat' dir='ltr'>dlommsenii</span> <span class='ocrx_word' id='word_1_152' title='bbox 404 3837 571 3932; x_wconf 84' lang='lat' dir='ltr'>Droysenii</span> <span class='ocrx_word' id='word_1_153' title='bbox 586 3841 691 3915; x_wconf 88' lang='lat' dir='ltr'>Iaffeii</span> <span class='ocrx_word' id='word_1_154' title='bbox 716 3843 905 3918; x_wconf 86' lang='lat' dir='ltr'>lectionibus</span> <span class='ocrx_word' id='word_1_155' title='bbox 928 3843 1028 3918; x_wconf 86' lang='lat' dir='ltr'>adfui.</span> <span class='ocrx_word' id='word_1_156' title='bbox 1055 3838 1192 3915; x_wconf 85' lang='lat' dir='ltr'>Ultimis</span> <span class='ocrx_word' id='word_1_157' title='bbox 1209 3838 1331 3911; x_wconf 91' lang='lat' dir='ltr'>duobus</span> 
     </span>
     <span class='ocr_line' id='line_1_23' title="bbox 182 3953 1331 4055; baseline 0.003 -28"><span class='ocrx_word' id='word_1_158' title='bbox 182 3953 276 4028; x_wconf 89' lang='lat' dir='ltr'>annis</span> <span class='ocrx_word' id='word_1_159' title='bbox 302 3955 473 4031; x_wconf 84' lang='lat' dir='ltr'>seminario</span> <span class='ocrx_word' id='word_1_160' title='bbox 508 3956 663 4032; x_wconf 89' lang='lat' dir='ltr'>historico</span> <span class='ocrx_word' id='word_1_161' title='bbox 690 3982 711 4033; x_wconf 92' lang='lat' dir='ltr'>a</span> <span class='ocrx_word' id='word_1_162' title='bbox 736 3961 943 4036; x_wconf 85' lang='lat' dir='ltr'>Mommsenio</span> <span class='ocrx_word' id='word_1_163' title='bbox 976 3959 1137 4055; x_wconf 87' lang='lat' dir='ltr'>praeclare</span> <span class='ocrx_word' id='word_1_164' title='bbox 1168 3957 1331 4031; x_wconf 87' lang='lat' dir='ltr'>moderato</span> 
     </span>
     <span class='ocr_line' id='line_1_24' title="bbox 182 4073 1329 4173; baseline 0.003 -26"><span class='ocrx_word' id='word_1_165' title='bbox 182 4074 365 4169; x_wconf 85' lang='lat' dir='ltr'>adscriptus</span> <span class='ocrx_word' id='word_1_166' title='bbox 391 4097 487 4149; x_wconf 92' lang='lat' dir='ltr'>eram.</span> <span class='ocrx_word' id='word_1_167' title='bbox 539 4073 662 4169; x_wconf 76' lang='lat' dir='ltr'>Quibus</span> <span class='ocrx_word' id='word_1_168' title='bbox 687 4077 764 4151; x_wconf 82' lang='lat' dir='ltr'>uiris</span> <span class='ocrx_word' id='word_1_169' title='bbox 777 4079 925 4154; x_wconf 88' lang='lat' dir='ltr'>omnibus</span> <span class='ocrx_word' id='word_1_170' title='bbox 951 4079 1069 4173; x_wconf 91' lang='lat' dir='ltr'>optime</span> <span class='ocrx_word' id='word_1_171' title='bbox 1094 4077 1134 4152; x_wconf 92' lang='lat' dir='ltr'>de</span> <span class='ocrx_word' id='word_1_172' title='bbox 1157 4099 1210 4151; x_wconf 91' lang='lat' dir='ltr'>me</span> <span class='ocrx_word' id='word_1_173' title='bbox 1234 4077 1329 4153; x_wconf 88' lang='lat' dir='ltr'>mori·</span> 
     </span>
     <span class='ocr_line' id='line_1_25' title="bbox 181 4190 1274 4292; baseline 0.008 -27"><span class='ocrx_word' id='word_1_174' title='bbox 181 4190 225 4266; x_wconf 87' lang='lat' dir='ltr'>tis</span> <span class='ocrx_word' id='word_1_175' title='bbox 251 4193 482 4288; x_wconf 84' lang='lat' dir='ltr'>praecipueque</span> <span class='ocrx_word' id='word_1_176' title='bbox 508 4195 713 4272; x_wconf 86' lang='lat' dir='ltr'>Mommsenio</span> <span class='ocrx_word' id='word_1_177' title='bbox 739 4195 865 4291; x_wconf 79' lang='lat' dir='ltr'>gratias</span> <span class='ocrx_word' id='word_1_178' title='bbox 890 4218 953 4292; x_wconf 85' lang='lat' dir='ltr'>ago</span> <span class='ocrx_word' id='word_1_179' title='bbox 980 4219 1078 4291; x_wconf 88' lang='lat' dir='ltr'>quam</span> <span class='ocrx_word' id='word_1_180' title='bbox 1104 4197 1274 4274; x_wconf 87' lang='lat' dir='ltr'>maximas.</span> 
     </span>
    </p>
   </div>
   <div class='ocr_carea' id='block_1_7' title="bbox 632 4428 832 4444">
    <p class='ocr_par' dir='ltr' id='par_1_7' title="bbox 632 4428 832 4444">
     <span class='ocr_line' id='line_1_26' title="bbox 632 4428 832 4444; baseline 0 -4"><span class='ocrx_word' id='word_1_181' title='bbox 632 4428 832 4444; x_wconf 62' lang='grc' dir='ltr'>-ο--α-κ--ῃ</span> 
     </span>
    </p>
   </div>
   <div class='ocr_carea' id='block_1_8' title="bbox 0 0 1528 4964">
    <p class='ocr_par' dir='ltr' id='par_1_8' title="bbox 0 0 1528 4964">
     <span class='ocr_line' id='line_1_27' title="bbox 0 0 1528 4964; baseline 0 0"><span class='ocrx_word' id='word_1_182' title='bbox 0 0 1528 4964; x_wconf 95' lang='lat' dir='ltr'> </span> 
     </span>
    </p>
   </div>
  </div>
 </body>
</html>
