3038 4964
636 1722 828 1825 uppenux
852 1723 883 1805 Ι.

577 1856 653 1941 (Do
675 1857 942 1944 Augustino.)

270 1993 463 2073 Quamquam
490 1988 527 2053 de
554 1989 753 2073 scriptoribus
782 1990 836 2074 qui
862 1991 1011 2075 Eutropio
1033 1993 1156 2058 auctore
1183 1992 1232 2058 usi
1255 1994 1336 2071 sunt,

185 2095 317 2158 tractare
338 2092 377 2157 ad
393 2090 640 2173 opportuniorem
652 2091 842 2157 occasionem
857 2092 1074 2158 reservaverim
1089 2092 1163 2174 (vid.
1176 2091 1334 2175 Prasiai),

184 2193 270 2259 nulla
291 2192 409 2258 ratione
437 2191 613 2255 subtrahere
643 2209 693 2255 me
719 2191 822 2273 potui,
858 2193 1020 2273 quominus
1052 2194 1100 2258 vel
1126 2191 1273 2258 hocloco
1295 2192 1336 2258 de

185 2292 360 2376 Augustino
370 2291 518 2357 nonnulla
531 2290 773 2373 praemitterem:
791 2291 876 2356 cuius
891 2291 924 2356 in
934 2292 1034 2357 fontes
1046 2290 1218 2357 ommatius
1233 2292 1335 2374 inqui·

184 2412 249 2459 rere
275 2410 383 2474 operae
405 2392 536 2475 pretium
571 2390 650 2469 duri,
680 2410 750 2455 oum
777 2391 859 2473 apud
888 2409 958 2456 eum
985 2393 1018 2457 in
1039 2391 1259 2456 commentario
1282 2391 1335 2474 qui

184 2493 225 2558 de
252 2492 501 2557 civitatensi
529 2490 718 2568 inscribitur,
748 2492 929 2574 praesertim
961 2493 992 2558 in
1020 2491 1156 2575 quinque
1182 2490 1336 2573 prioribus

183 2591 269 2658 libris
291 2611 352 2656 non
372 2611 470 2675 pauca
490 2591 692 2668 inveniantur,
714 2610 791 2675 quae
813 2590 852 2655 ari
868 2593 1005 2657 nostram
1024 2609 1219 2657 romanarum
1234 2610 1336 2657 rerum

183 2693 325 2758 not'tiam
356 2692 483 2757 maximi
510 2691 658 2757 momenti
680 2691 750 2757 sint.
799 2692 905 2758 Missis
933 2691 1134 2775 scriptoribus
1161 2691 1335 2775 exquibus

182 2793 376 2877 Augustinus
398 2791 537 2857 notiones
559 2792 797 2875 philosophicas,
824 2811 873 2857 res
895 2811 998 2859 sacras
1025 2794 1089 2860 alia
1109 2791 1223 2871 hausit,
1245 2809 1335 2875 prae·

182 2893 270 2976 cipue
283 2892 420 2958 Varrone
442 2894 473 2957 et
484 2892 638 2970 Cicerone,
660 2892 808 2959 historica
830 2894 970 2977 exempla
992 2893 1072 2977 apud
1095 2911 1164 2958 eurn
1186 2910 1281 2976 paene
1297 2910 1334 2957 er

182 2993 301 3071 iisdem,
317 3012 352 3057 er
368 2993 477 3075 quibus
499 2993 579 3076 apud
593 2992 765 3075 Orosium¹)
788 2993 923 3059 fontibus
945 2995 1057 3059 hausta
1076 2992 1195 3059 inveni:
1217 2992 1335 3059 scilicet

182 3113 253 3158 cum
267 3111 362 3175 paene
377 3093 478 3158 solum
493 3111 529 3158 er
543 3092 674 3157 historio
694 3093 868 3175 priorum
889 3096 1067 3176 temporum
1088 3111 1233 3160 romanae
1253 3093 1330 3177 reip.

183 3194 321 3277 exempla
353 3194 392 3257 ad
419 3190 633 3257 illustrandam
668 3212 757 3257 suam
789 3193 922 3258 ethicam
954 3193 1126 3258 doctrinam
1157 3194 1332 3277 sumpserit,

182 3294 342 3380 praecipue
363 3293 473 3358 Livio
495 3293 562 3376 ipso
585 3296 616 3358 et
636 3293 776 3377 Floro)
798 3311 875 3358 usus
898 3294 955 3371 est,
977 3311 1055 3377 quos
1068 3291 1195 3359 Orosius
1211 3313 1333 3378 quoque

181 3414 277 3479 paene
300 3395 406 3460 unicos
429 3393 530 3459 fontes
559 3393 591 3458 in
618 3393 712 3460 huius
738 3391 887 3476 temporis
914 3392 1044 3458 historia
1071 3393 1229 3469 adhibuit;
1261 3412 1330 3460 narn

181 3495 366 3579 Eutropium
374 3496 398 3578 ³)
422 3493 549 3560 Orosius
572 3493 754 3577 diligentius
781 3493 813 3557 in
823 3491 1046 3575 posterioribus
1067 3493 1155 3559 libris
1177 3492 1330 3578 inspexit..

249 3665 267 3734 ¹)
286 3663 370 3731 Quem
388 3665 493 3716 constat
515 3661 550 3716 od
571 3659 669 3713 librum
691 3659 913 3715 conscribendum
934 3659 1052 3729 impulsu
1073 3659 1259 3729 praeceptoris
1276 3659 1332 3715 Au-

181 3741 1332 3816 mmmwmfflmmmmwmmmmmmmmb

182 3831 285 3886 tutione
302 3830 413 3886 multum
435 3846 470 3884 ex
491 3829 549 3885 eius
568 3829 730 3884 auctoritate
750 3827 869 3898 pendere
891 3826 943 3887 vid.
961 3827 1168 3882 Mosrnerum
1191 3826 1225 3883 rie
1243 3826 1332 3883 Orosii

180 3913 644 3984 mafflmLffiM31pfflsn

248 4002 270 4070 1)
287 3999 435 4069 Praecipue
453 3998 515 4053 iude
534 4013 551 4052 a
567 3997 583 4051 l.
602 3997 643 4052 111
664 4012 721 4066 cap.
741 3996 773 4051 19
791 3995 838 4050 ubi
855 3993 944 4050 verbis
966 3995 1017 4049 his
1039 4009 1170 4066 quoque
1191 3993 1331 4049 fatenti·

180 4085 239 4140 bus
258 4086 311 4154 qui
329 4101 392 4139 non
409 4089 472 4139 tom
489 4097 627 4138 narrare
649 4081 738 4137 bella
755 4080 900 4135 Romana
917 4093 1011 4148 quarn
1028 4079 1205 4136 Romanum
1228 4078 1332 4149 impe·

179 4170 262 4224 rium
288 4169 426 4224 laudare
456 4167 683 4224 instituerunt
713 4162 851 4236 perlucido
876 4162 987 4219 Florum
1009 4163 1160 4234 designavit
1187 4162 1220 4218 oi.
1243 4178 1267 4222 o.
1289 4161 1331 4222 19.

179 4255 214 4310 20
230 4270 291 4309 oum
308 4253 381 4311 Flor.
399 4253 420 4311 Ι.
437 4253 471 4307 22
489 4253 533 4321 (ΙΙ.
552 4253 586 4319 6),
604 4266 627 4304 c.
644 4250 685 4304 27.
703 4250 744 4304 28.
762 4249 796 4305 29
814 4262 875 4304 oum
891 4247 965 4307 Flor.
981 4247 1017 4303 11.
1035 4249 1051 4304 9
1069 4248 1129 4320 (HL
1148 4247 1200 4317 21).

247 4338 268 4409 ⁸)
286 4337 348 4395 Viri.
364 4336 498 4398 Hoerner,
515 4335 532 4406 fi
551 4337 583 4390 12
600 4350 627 4404 p.
646 4334 696 4390 144
713 4349 753 4405 sq.
