3038 4964
703 511 738 518 .-
763 473 865 535 20„

211 659 243 724 in
270 678 383 722 annum
410 659 516 723 cadere
544 677 619 723 uarr.
648 659 751 739 libb),
784 659 837 724 sed
871 679 940 723 cunr
967 660 1025 724 hoc
1053 680 1132 726 anno
1154 661 1216 725 iam
1247 662 1368 728 bellurn

212 759 357 843 punicum
379 761 516 824 exortum
539 757 588 834 sit,
604 758 704 841 prima
725 758 834 842 capitis
856 761 979 841 verba²)
1000 761 1102 842 potius
1117 762 1156 826 ad
1178 761 1368 844 superiorem

213 880 328 926 annum
355 859 418 924 489
445 859 600 922 referenda
622 879 701 923 esse:
729 859 781 941 qui
811 878 908 924 annus
937 861 963 923 si
986 862 1244 945 computationem
1271 881 1367 945 quarn

144 1030 152 1041 ,
213 961 294 1044 apud
309 959 432 1024 Livium
453 959 527 1023 alibi
549 958 678 1024 inveniri
700 960 833 1023 vidimus
856 960 1041 1039 adhibueris,
1063 963 1125 1026 480
1148 964 1241 1028 fuisse
1263 962 1365 1027 effice·

212 1062 310 1138 retur,
338 1062 440 1144 potest
465 1063 568 1123 tamen
596 1060 660 1122 lieri
688 1061 723 1123 ut
749 1061 810 1123 iam
838 1060 869 1124 in
898 1061 1053 1126 codicibus
1075 1062 1155 1126 Livii
1182 1063 1254 1127 11.1.
1282 1083 1368 1128 error

214 1160 398 1225 commissus
421 1161 475 1225 sit:
503 1160 659 1242 proximus
681 1158 761 1225 enim
785 1181 883 1225 annus
905 1162 1050 1227 4901111
1075 1161 1153 1228 Livii
1182 1163 1281 1246 loco³)
1303 1183 1368 1228 non

213 1279 338 1326 numero
365 1262 427 1325 407
455 1261 509 1325 sed
542 1260 613 1343 (leui
643 1280 714 1324 sane
742 1262 855 1343 errore)
887 1261 949 1325 478
962 1264 985 1345 ⁴)
1018 1262 1208 1344 designatur:
1241 1283 1276 1327 11
1304 1284 1367 1346 quo

212 1362 341 1427 fortasse
363 1360 569 1443 Eutropianus
596 1379 740 1425 numerus
762 1361 823 1423 477
852 1362 891 1425 ad
919 1362 1105 1445 superiorem
1133 1383 1246 1428 annum
1270 1384 1367 1447 appo-

213 1463 291 1527 situs
313 1465 397 1526 ortus
420 1464 475 1529 est.

295 1565 361 1628 11111
384 1564 435 1645 qui
458 1562 565 1626 deinde
587 1563 624 1626 ab
646 1563 731 1626 llutr.
760 1561 892 1645 appositi
921 1565 993 1627 sunt
1020 1565 1090 1628 anni
1117 1566 1154 1629 ab
1176 1586 1205 1629 u.
1229 1585 1254 1629 c.
1277 1566 1366 1630 lucu-

212 1665 311 1729 lenter
337 1663 564 1739 demonstrant,
592 1662 679 1727 Livio
709 1682 779 1726 cum
811 1682 902 1728 usum
930 1683 1008 1729 esse:
1039 1685 1110 1730 narn
1137 1686 1207 1730 cum
1236 1666 1303 1748 (IV.
1331 1667 1365 1749 2)

214 1762 558 1847 quingentesimum
587 1762 945 1845 quinquagesimum
971 1764 1135 1848 primum
1164 1786 1300 1830 annum
1322 1769 1366 1831 ab

213 1885 242 1930 u.
272 1886 296 1930 c.
326 1867 503 1948 apponeret,
530 1864 653 1928 Livium
680 1872 803 1928 secutus
831 1865 956 1948 estqui
983 1866 1110 1949 (XXXI.
1137 1868 1171 1944 b,
1201 1868 1233 1951 1)
1261 1867 1368 1931 eodem

215 1986 295 2032 anno
317 1968 407 2050 (sarr.
429 1966 505 2049 554)
532 1965 672 2029 bellum
696 1983 777 2028 cum
799 1964 980 2048 Philippo
1004 1986 1096 2049 rege
1123 1967 1262 2032 initum
1284 1987 1367 2032 esse

213 2157 412 2165 ———

282 2272 300 2339 1)
318 2270 402 2338 Quem
425 2267 501 2324 Eutr.
527 2267 586 2336 ipsc
610 2267 748 2321 consulum
775 2270 927 2324 nominibus
950 2271 1069 2340 (Appio
1088 2270 1225 2325 Claudio
1244 2269 1367 2339 Quinto
1458 2258 1460 2262 ¹

214 2354 344 2422 Fuluio)
364 2353 497 2421 designat:
515 2354 563 2407 sed
581 2354 695 2406 lustrum
708 2367 813 2419 quoque
831 2355 865 2409 ab
877 2355 954 2408 Eutr.
967 2354 1030 2414 ibid,
1044 2360 1278 2409 commemoratum
1296 2369 1367 2408 anno

214 2438 265 2492 490
287 2435 423 2491 conditum
445 2454 505 2492 esso
532 2455 585 2492 non
608 2438 693 2493 solum
717 2439 827 2492 albatis
846 2438 1004 2507 Capitolinis
1030 2439 1146 2492 traditur
1171 2440 1219 2493 sed
1246 2440 1327 2493 etiam
1352 2455 1367 2494 s

214 2521 346 2577 Periocha
363 2522 428 2576 XVI
446 2523 541 2591 elucet,
560 2538 628 2591 quae
647 2522 765 2576 ciusdem
790 2528 853 2592 post
870 2523 996 2577 Hieronis
1013 2539 1108 2591 pacem
1130 2524 1263 2577 meminit:
1286 2540 1367 2591 quam

215 2623 309 2677 pacem
327 2623 397 2661 anno
415 2607 582 2661 4901111111
601 2622 660 2662 osse
677 2607 770 2661 Livius
788 2607 931 2662 tradidisse
950 2607 1067 2662 ridetur:
1086 2608 1137 2661 vid.
1156 2607 1279 2661 Perioch.
1297 2623 1367 2675 quae

215 2709 274 2747 eam
291 2698 354 2746 ante
372 2691 486 2745 lustrum
502 2691 570 2746 illud
588 2697 615 2746 ot
633 2698 695 2746 ante
712 2693 827 2761 primum
846 2708 950 2760 quoquo
969 2708 985 2746 a
1002 2693 1066 2746 Dec.
1090 2693 1175 2745 Bruto
1193 2692 1294 2745 editum
1311 2691 1367 2758 gla-

216 2777 359 2832 dicterium
377 2791 473 2829 munus
492 2776 524 2845 (a.
542 2776 593 2829 490
611 2777 756 2830 secundum
774 2777 833 2832 Val.
851 2777 925 2830 Max.
943 2777 978 2830 II.
997 2777 1021 2847 4,
1040 2777 1065 2847 7)
1082 2777 1166 2831 refert
1183 2781 1264 2844 atque
1276 2776 1367 2830 Victo·

215 2877 272 2915 rem
290 2861 323 2914 de
350 2877 373 2913 v.
393 2860 410 2911 i.
428 2860 474 2927 37,
501 2859 547 2927 qui
565 2874 624 2912 eam
642 2859 676 2912 ab
694 2861 764 2928 App.
783 2859 893 2915 Claudio
917 2877 939 2914 a.
958 2861 1037 2915 huius
1055 2861 1164 2915 consule
1190 2861 1290 2914 factam
1307 2876 1367 2915 esse

215 2943 493 2999 1111111111.1“111.ΙΙ
523 2944 556 2996 18
577 2944 621 3014 (ΙΙ.
648 2945 674 3014 2)
697 2943 837 2999 011117.
867 2944 894 3014 7;
917 2945 997 2999 aliam
1020 2946 1099 2998 huius
1122 2945 1161 2999 rei
1182 2944 1281 2998 famam
1304 2943 1366 2998 fast‘

218 3028 304 3097 Capit.
323 3035 350 3082 et
368 3026 467 3080 Graeci
485 3027 631 3096 scriptores
649 3027 751 3099 (Polyb.
769 3029 790 3081 I.
809 3028 956 3082 1611111111
973 3029 1074 3083 XXIII.
1086 3030 1167 3084 4Dio
1185 3028 1258 3098 apud
1269 3029 1367 3086 Zonar.

215 3113 289 3169 VIII.
307 3113 323 3166 9
341 3129 367 3181 p.
380 3112 431 3166 385
447 3112 481 3182 A)
500 3120 647 3182 servarunt,
666 3113 711 3181 qui
729 3129 823 3182 pacem
840 3113 913 3167 illam
931 3113 959 3166 in
977 3130 1000 3171 a.
1018 3113 1068 3168 491
1086 3114 1191 3168 demum
1208 3119 1367 3183 posuerunt:

217 3198 292 3253 cuius
311 3197 373 3251 anni
396 3197 532 3251 consulem
553 3197 729 3253 M'Valerium
748 3197 781 3251 de
794 3197 911 3251 HIerone
930 3198 1110 3267 triumphasse
1128 3197 1191 3252 fasti
1209 3198 1369 3267 retulerunt,

216 3299 276 3337 cum
303 3297 327 3340 a.
350 3282 401 3336 490
427 3281 505 3336 unius
532 3287 637 3335 tantum
664 3283 781 3336 consulis
805 3281 853 3351 (M.
871 3281 961 3335 Fuluii
978 3282 1079 3352 Flacci)
1105 3282 1138 3338 de
1155 3282 1369 3338 Volsiniensibus

217 3367 385 3436 triumphum
411 3372 597 3435 agnoscerent,
620 3367 733 3420 altorum
759 3366 885 3435 (Appium
903 3367 1053 3436 Claudium)
1071 3368 1151 3436 plane
1177 3367 1368 3435 praeterirent:

215 3450 306 3518 itaque
325 3449 456 3504 Livium
479 3458 617 3505 secutus
641 3451 754 3519 Eutrop.
773 3451 790 3507 1.
809 3465 830 3507 c.
848 3450 965 3521 Appium
984 3451 1123 3507 Claudium
1143 3467 1168 3509 a.
1185 3451 1236 3505 490
1254 3452 1286 3506 de
1304 3452 1367 3505 Hie·

216 3551 281 3589 rone
299 3534 480 3602 triumphasse
497 3540 602 3603 narrat,
626 3535 674 3588 sod
691 3534 748 3602 ipse
766 3533 908 3588 falsissime
925 3551 1020 3605 pacem
1038 3552 1097 3590 cunr
1116 3536 1209 3590 eodem
1227 3551 1280 3590 non
1298 3536 1326 3589 in
1343 3551 1367 3594 a.

215 3619 267 3674 490
284 3634 337 3672 non
355 3618 471 3687 denique
489 3620 517 3673 in
530 3618 701 3687 1491111111
718 3619 766 3673 sed
785 3634 855 3672 enno
869 3619 975 3673 demum
987 3619 1039 3674 492
1057 3620 1166 3690 (tertio
1185 3636 1267 3675 anno
1285 3620 1368 3674 belli

216 3703 348 3770 Punici)
361 3703 393 3756 in
406 3702 525 3756 Sicilia
543 3703 850 3757 contraHieronem
868 3702 989 3757 bellum
1007 3709 1176 3773 patratum
1195 3720 1266 3759 esse
1285 3720 1367 3758 enm·

217 3803 277 3856 que
295 3803 408 3856 pacem
427 3802 444 3839 a
460 3786 615 3841 Romanis
634 3788 835 3856 impetrasse
852 3788 948 3841 refert:
966 3785 1045 3843 finem
1064 3788 1127 3843 bebi
1145 3789 1173 3843 in
1190 3789 1281 3842 Sicilia
1299 3804 1368 3856 quae

217 3873 269 3926 hoc
291 3874 361 3926 a'nno
379 3872 447 3941 (492)
463 3873 611 3940 Agrigento
638 3879 718 3940 capta
736 3872 821 3925 omnis
836 3887 852 3925 1
869 3872 997 3927 Romanis
1015 3879 1147 3943 occupata
1164 3879 1206 3928 est
1223 3888 1283 3926 cnm
1300 3887 1367 3940 pace

218 3955 330 4008 Hieroni
349 3956 413 4011 data
430 3955 582 4010 confudisse
601 3957 705 4011 videtur
722 3957 799 4011 Eutr.

287 4056 306 4126 l)
325 4056 479 4110 0111111111
498 4057 624 4111 clerum
650 4058 742 4113 urbis
761 4059 882 4114 Romae
901 4075 1015 4113 nomen
1032 4067 1135 4130 esset,
1153 4076 1244 4114 arma
1261 4066 1368 4131 tamen

220 4146 314 4194 extra
331 4139 466 4194 Italiam
484 4148 572 4195 mota
588 4157 651 4195 non
669 4143 808 4202 fuerant.

286 4242 305 4310 3)
322 4240 420 4293 XXXI.
439 4243 462 4310 1,
481 4242 505 4299 4.

285 4342 305 4412 ⁴)
322 4342 471 4396 Mommsen
489 4343 506 4401 1.
525 4359 547 4401 1.
565 4344 666 4402 11210.
