3038 4964
682 459 845 522 ..45-

189 643 293 709 Servio
314 642 478 709 institutas
501 660 568 707 esse
589 642 785 706 narraverant
805 641 865 708 vid.
888 642 1016 726 Dionys.
1037 643 1089 712 IV.
1114 645 1153 709 15
1175 646 1227 729 qui
1242 646 1338 713 trium

188 743 368 827 scriptorum
390 743 448 808 hac
470 742 507 807 do
522 761 555 807 ro
569 740 744 825 opinionem
760 748 919 824 percenset
937 742 1003 807 scil.
1024 743 1142 828 naum)
1165 745 1220 828 qui
1234 746 1339 812 XXVI

187 843 319 909 rusticas
340 843 440 909 tribus
454 843 530 926 (una
552 861 621 907 cum
645 841 768 906 urbanis
783 842 894 925 XXX),
917 842 1136 928 Vennonii²)
1159 843 1214 927 qui
1232 844 1338 910 XXXI

187 942 318 1008 rusticas
345 943 423 1026 (scil.
452 963 523 1010 cum
550 940 674 1008 urbanis
704 942 822 1006 XXXV
844 981 884 990 -
911 961 1003 1024 quem
1027 962 1191 1010 numerum
1219 964 1245 1009 a.
1274 944 1336 1008 513

190 1043 311 1109 demum
336 1045 495 1110 assecutae
516 1044 601 1126 sunt)
623 1060 642 1106 a
664 1039 770 1107 Servio
792 1041 952 1108 institutas
979 1061 1045 1108 esse
1062 1043 1243 1122 retulerunt
1266 1042 1336 1108 61-

188 1142 321 1226 tonis³)
344 1143 483 1228 denique,
506 1143 561 1227 qui
587 1141 754 1226 prudenter
775 1136 856 1206 'sane
882 1161 1045 1208 numerum
1066 1141 1252 1209 rusticarum
1279 1143 1336 1208 tri-

188 1244 285 1309 buum
307 1263 326 1308 a
348 1243 454 1310 Seruio
476 1245 647 1309 creatarum
670 1260 731 1306 non
753 1240 872 1306 adiecit.
912 1242 1026 1307 Eodem
1050 1242 1148 1325 capite
1169 1243 1337 1326 Dionysius

187 1361 306 1425 pagos
327 1343 586 1411 fecissoServium
608 1344 721 1420 narrat,
744 1341 808 1406 scil.
830 1342 913 1408 locos
934 1342 1070 1407 munitos
1093 1361 1154 1424 quo
1177 1334 1205 1400 ὁι
1225 1338 1257 1398 ἐκ
1277 1343 1338 1399 τῶν

188 1435 288 1520 ἀγρῶν
308 1433 439 1513 ἅπαντες
460 1461 637 1510 concurrere
665 1445 791 1525 possent
816 1441 890 1507 item
923 1440 1053 1508 eundem
1080 1461 1184 1526 regem
1214 1444 1336 1526 Paga-

187 1541 375 1608 naliorum
417 1544 534 1610 ferias
565 1541 738 1608 instituisse
776 1544 812 1609 ut
849 1541 938 1626 pagi
969 1542 1156 1625 cuiusque
1188 1543 1336 1608 incolae

187 1641 356 1725 percenseri
378 1646 516 1727 possent:
540 1642 693 1710 similibus
715 1642 839 1709 domum
860 1642 894 1705 in
916 1642 990 1707 urbe
1011 1661 1134 1726 quoquc
1148 1643 1303 1709 institutis
1311 1643 1335 1725 ⁴)

188 1742 322 1808 omniurn
344 1742 462 1830 civium·
480 1763 605 1810 oensem
627 1742 783 1809 ordinasse
795 1742 932 1810 Servium
948 1743 1052 1810 refert:
1076 1738 1227 1801 ἐκέλευσεν
1239 1733 1337 1799 ἅπαν-

188 1833 414 1917 ταςΡωμάιους
428 1835 721 1921 ἀπογράφεσθαι
742 1861 777 1900 τε
797 1838 855 1900 uria
875 1843 1062 1918 τιμᾶσθαι
1083 1838 1336 1920 τὰςοῦσίαςπρὸς

188 1927 329 2010 ripyvpt‘or
350 1976 357 1992 .
379 1977 388 1992 .
413 1930 462 1991 nai
492 1930 522 1990 ἐν
550 1930 605 1992 τίνι
634 1934 826 1992 κατοικόυσιν
852 1929 972 1992 ἕκαστοι
1002 1936 1056 2011 τῆς
1074 1927 1190 2006 πόλεως
1213 1926 1335 2016 1611ῳῆ
1408 2009 1409 2012 ¹

187 2017 291 2104 πάγῳ
326 2025 392 2102 τῆς
427 2016 551 2107 χώρας
586 2020 817 2103 προστιθέντας.
872 2028 980 2109 Itaque
990 2027 1015 2112 ⁵)
1049 2028 1161 2093 diserto
1194 2027 1334 2094 Servium

187 2123 266 2190 cives
288 2125 443 2192 Romanos
466 2147 546 2193 cum
568 2127 626 2192 his
649 2127 713 2210 qui
735 2127 774 2190 in
796 2126 898 2210 agris
920 2128 1093 2193 esseutin
1108 2147 1233 2194 censum
1248 2128 1334 2192 rodc-

186 2224 267 2308 gisse
288 2225 351 2290 ianr
372 2230 491 2293 veteres
512 2227 560 2292 illi
582 2226 744 2310 scriptores
765 2227 928 2292 tradidisse
950 2226 1105 2293 videntur:
1138 2247 1229 2311 agros
1256 2247 1335 2310 quo-

188 2320 248 2407 que
263 2325 401 2392 Servium
423 2327 506 2410 plebi
520 2328 676 2392 Romanae
692 2326 864 2407 dividisse)
886 2327 1023 2410 perillus
1046 2348 1063 2391 a
1082 2328 1176 2392 Fabio
1192 2348 1335 2393 numera·

187 2427 235 2489 tas
251 2425 366 2490 XXVI
391 2427 490 2492 tribus
518 2427 635 2491 Varro
660 2428 744 2511 apud
765 2427 901 2492 Nonium
929 2446 959 2509 p.
984 2426 1026 2490 43
1055 2427 1095 2510 (v.
1120 2427 1257 2511 Viritim)
1286 2428 1334 2490 in-

187 2523 291 2590 nuisse
322 2522 489 2610 videtur⁷):
524 2527 707 2609 quibuscum
741 2526 841 2591 confer
871 2526 1078 2592 narrationem
1107 2527 1235 2592 Cassii
1263 2528 1332 2592 He·

187 2625 345 2708 minae⁸)
361 2627 616 2705 etVarronis⁹)
640 2626 676 2690 dc
697 2626 875 2691 nundinis
899 2626 1012 2708 quibus
1026 2627 1133 2692 rustici
1154 2627 1205 2707 „in
1228 2628 1333 2693 urbem

187 2744 226 2788 ox
247 2725 357 2808 agris
388 2727 582 2792 convenirent
603 2727 735 2791 urbanas
758 2727 953 2809 rusticasque
976 2746 1023 2791 res
1051 2727 1283 2810 ordinaturi’'¹⁰)
1314 2747 1333 2792 a

186 2823 335 2908 Servio¹¹)
356 2826 519 2892 institutis.

268 2925 408 3010 Denique
426 2946 485 2992 non
509 2946 528 2991 a
550 2928 681 3011 Livio¹²)
714 2927 825 2993 diserte
853 2927 959 2992 addita
991 2931 1081 3008 sunt,
1115 2929 1271 2995 Numam
1302 2930 1333 2993 et

252 3094 270 3157 1)
289 3092 333 3146 Fr.
351 3095 368 3148 9
385 3092 457 3161 apud
474 3093 566 3151 Herm.
583 3093 717 3152 Poteram.
822 3113 825 3117 ·

251 3177 272 3243 ²)
290 3177 351 3234 Vid.
369 3177 462 3245 fragm.
482 3177 530 3236 sol.
548 3178 612 3236 ibid.

250 3260 270 3329 3)
289 3261 334 3318 Fr.
352 3261 385 3316 23
402 3261 468 3319 ibid.

250 3347 270 3414 ⁴)
289 3345 328 3402 uf.
345 3345 456 3413 Dionys.
474 3346 521 3404 IV.
540 3347 572 3400 14
591 3346 624 3400 de
642 3346 816 3415 Compitaliis.

251 3429 269 3497 5)
287 3429 348 3484 Vid.
368 3429 521 3496 Schwegler
538 3431 560 3488 1.
577 3448 603 3499 p.
621 3431 670 3485 737
688 3432 794 3485 Becker
810 3450 832 3490 r.
850 3433 883 3490 A.
900 3432 936 3506 ΙΙ.
954 3433 969 3484 l
986 3446 1013 3499 p.
1030 3431 1081 3484 166
1092 3446 1132 3498 sq.

250 3513 326 3579 6)(11.
345 3512 378 3567 de
396 3514 467 3582 agris
486 3529 502 3566 a
520 3514 613 3568 Servio
633 3515 783 3569 distributis
805 3516 916 3585 Dionys.
934 3515 981 3573 IV.
998 3516 1022 3573 9.
1042 3516 1082 3569 10.
1100 3515 1139 3568 11.
1167 3515 1200 3568 13
1233 3513 1291 3567 Liv.
1310 3514 1331 3571 I.

182 3595 223 3664 46,
241 3597 256 3649 1
275 3596 428 3665 Schwegler
445 3614 472 3666 p.
491 3597 584 3655 71011.
601 3599 625 3656 9.
1322 3621 1324 3624 ·

250 3680 269 3749 7)
287 3680 329 3735 Et
347 3685 440 3736 extra
457 3681 569 3735 urbem
587 3682 619 3735 in
637 3683 790 3750 regiones
809 3683 926 3753 (tribus
944 3683 1053 3752 proprie
1070 3683 1223 3737 nominatae
1241 3686 1333 3736 sunta

182 3763 267 3819 Fabio
290 3765 308 3823 l.
326 3780 348 3824 c.
370 3766 423 3825 rid.
446 3766 600 3834 Schuegler
618 3783 646 3835 p.
669 3766 719 3821 737
739 3782 766 3824 n.
787 3768 814 3835 2)
830 3767 921 3822 XXVI
943 3781 1039 3835 agros
1062 3766 1190 3821 viritim
1212 3765 1332 3819 liberis

183 3848 355 3908 adtribuit.

249 3933 268 4002 ³)
285 3933 338 4002 Ap.
355 3933 476 3992 Macrob.
495 3934 551 3991 Sat.
568 3933 590 3991 Ι.
609 3933 649 4003 16,
667 3935 701 3989 33
717 3934 760 4004 (fr.
778 3934 812 3988 14
828 3934 925 4005 Peter).

248 4016 268 4087 9)
287 4017 354 4076 ibid.
372 4017 393 4076 I.
411 4017 452 4086 13,
469 4017 505 4071 20
522 4017 555 4075 cf.
573 4033 642 4085 quae
659 4018 780 4076 Macrob.
798 4019 815 4072 l.
833 4035 915 4088 supra
936 4019 980 4073 cit.
1004 4034 1038 4072 ex
1056 4018 1193 4073 Gemino
1216 4018 1332 4086 quodam

182 4102 309 4160 attulit.
457 4119 460 4123 ·
792 4105 822 4174 10)
840 4105 932 4160 Verba
949 4103 1034 4157 Cassii
1052 4103 1069 4160 l.
1088 4117 1110 4160 o.

240 4187 270 4256 ¹¹)
288 4186 406 4241 Easdem
423 4187 476 4241 iarn
494 4185 637 4242 aRomulo
654 4187 792 4243 institutas
811 4204 870 4243 esse
889 4187 1082 4256 Sempronio
1099 4187 1257 4241 Tuditano
1270 4185 1324 4256 (ap.

180 4269 300 4328 Macrob.
318 4271 339 4324 Ι.
359 4272 400 4340 16,
417 4271 502 4329 3211.
520 4273 602 4326 Peter
619 4271 647 4341 2)
668 4276 695 4325 ot
712 4272 842 4346 Dionysio
860 4272 895 4333 H.
912 4272 946 4326 28
963 4271 1074 4347 placuit.

241 4354 602 4428 12)1,1(1.121,6;3611,
