3038 4964
696 544 864 609 „66-

108 744 248 797 (55.5-
283 749 310 796 5.
344 731 405 796 285
439 728 505 794 Lis.
536 732 556 810 Q
586 729 607 792 5
639 729 837 812 (captiuos
875 731 1176 813 transfugasque
1208 731 1362 796 reddere

208 830 386 914 Philippum
402 829 561 896 Romanis:
584 829 785 912 polybian.)
800 867 839 877 —
855 849 883 894 s.
899 829 947 897 28.
963 830 1019 895 295
1041 830 1108 896 hir.
1123 834 1143 911 5
1156 829 1178 894 5
1193 831 1361 914 (polyb.)

208 935 313 1014 aperta
328 929 468 1013 Eutropii
491 949 573 995 error
595 929 884 1013 (quinquaginta
904 949 959 1012 pro
981 930 1189 1014 quinque¹))
1210 933 1267 1008 est,
1290 951 1363 997 cum

209 1031 335 1096 eandem
358 1049 450 1114 qnam
472 1027 536 1094 Lis.
564 1047 718 1094 summam
740 1030 848 1112 Polyb.
880 1048 1000 1112 555555
1029 1031 1061 1095 at
1082 1030 1245 1114 Zonaras)
1276 1031 1362 1095 exhi-

208 1131 310 1196 beant.
336 1169 371 1176 -
396 1151 423 1196 v.
447 1129 530 1193 29-
551 1149 580 1212 p.
592 1128 633 1192 26
655 1149 683 1194 v.
709 1130 739 1192 l:
761 1128 914 1195 Valerii
935 1129 1111 1196 Antiatis
1133 1130 1214 1213 apud
1236 1130 1362 1196 Livium

209 1231 260 1312 §8
282 1232 490 1297 narrationem
504 1229 662 1295 continent
672 1228 826 1313 (Valerius
842 1230 951 1295 Antias
966 1233 1194 1313 quaternum
1208 1230 1363 1296 milium

208 1331 328 1415 pondo
360 1331 508 1415 argenti
534 1329 669 1413 vectigal
701 1328 739 1394 in
771 1329 896 1394 decem
933 1349 1047 1396 annos
1082 1331 1264 1414 impositum
1295 1332 1363 1415 regi

208 1430 328 1514 tradit).
343 1451 424 1514 -p.
440 1431 481 1494 25
502 1451 529 1496 v.
549 1431 575 1496 1.
591 1430 626 1493 2:
648 1429 708 1494 vid.
731 1429 795 1495 Liv.
818 1432 838 1510 Q
859 1430 897 1495 10
917 1429 964 1510 (in
984 1430 1060 1496 haec
1075 1430 1222 1496 obsides
1244 1433 1359 1514 555555Ι

208 1532 288 1596 inter
310 1549 387 1614 5555
409 1530 628 1596 Demetrius
651 1529 815 1612 Philippi
835 1530 904 1611 fil.)
933 1549 1011 1612 quae
1032 1530 1100 1614 ipsa
1129 1529 1364 1597 annalistica

209 1634 291 1709 sunt,
314 1651 384 1696 oum
406 1633 484 1696 hano
505 1650 569 1696 rem
592 1629 697 1712 Polyb.
719 1629 787 1694 loco
814 1630 968 1712 superiore
994 1629 1109 1696 XVIII.
1138 1631 1179 1694 22
1204 1633 1364 1696 narrasset

209 1732 260 1814 (an
281 1750 317 1796 eo
338 1732 403 1797 Liv.
432 1753 457 1798 c.
483 1733 531 1810 13,
561 1729 600 1794 14
622 1729 729 1795 Zonar.
752 1749 780 1811 p.
800 1729 864 1792 446
885 1729 938 1807 D),
965 1732 1069 1795 nostro
1101 1730 1167 1795 loco
1188 1730 1295 1796 Livius
1325 1751 1362 1796 en

210 1831 372 1897 annalibus
394 1833 500 1898 eadem
520 1832 679 1913 repeteret.

293 1951 321 2013 p.
346 1931 387 1995 26
409 1951 435 1999 s.
458 1933 487 1997 2.
511 1932 547 1995 3:
568 1930 634 1996 his.
656 1929 798 1996 XXXIV.
820 1929 862 1994 25
884 1950 929 2012 55.
954 1929 1028 2013 (vid.
1050 1949 1075 1994 o.
1097 1929 1147 1994 28.
1169 1929 1219 1995 38.
1241 1930 1305 2015 39).

293 2051 320 2097 v.
346 2031 375 2095 3.
401 2031 423 2095 4
449 2033 502 2111 (et
535 2031 669 2114 quibus
700 2030 827 2095 voluit
857 2029 1143 2097 conditionibus
1176 2030 1213 2094 in
1245 2030 1362 2098 fidem

210 2131 374 2214 accepit)
396 2131 512 2214 optime
532 2131 611 2196 Livii
633 2131 838 2196 narrationem
865 2130 897 2194 in
924 2149 1021 2213 panca
1047 2130 1140 2195 verba
1169 2132 1362 2196 contractam

210 2231 359 2297 referunt:
380 2231 439 2295 sid.
464 2230 606 2297 XXXIV.
629 2250 653 2297 o.
676 2230 717 2294 35
738 2230 790 2295 uhi
812 2229 1004 2295 Flamininus
1032 2231 1152 2312 suasi)
1178 2230 1266 2314 pacis
1289 2250 1363 2295 cum

210 2330 332 2396 Nabide
360 2331 548 2397 conditiones
574 2330 720 2414 proponit
741 2331 826 2410 (cum
847 2332 938 2396 antea
965 2349 989 2397 5.
1012 2330 1053 2393 33
1082 2329 1159 2394 socii
1180 2350 1209 2413 p.
1224 2331 1261 2395 R.
1293 2331 1363 2413 paoi

210 2431 283 2495 huio
303 2431 459 2498 adversati
474 2433 577 2497 essent
590 2431 808 2513 Romanusque
823 2431 989 2514 imperator
1004 2429 1139 2496 oratione
1154 2449 1179 2494 o.
1194 2429 1235 2494 34
1255 2430 1362 2495 hahita

211 2532 249 2596 55
266 2551 354 2596 suam
376 2551 429 2598 eos
452 2532 626 2616 opInionem
646 2531 873 2613 redurisset⁴))‚
896 2549 974 2613 quae
994 2549 1064 2595 oum
1079 2549 1098 2595 a
1111 2529 1361 2596 Lacedaemoniis

210 2631 298 2713 (vide
336 2651 361 2696 c.
399 2632 449 2698 36.
486 2631 551 2713 37)
589 2630 702 2694 fuerint
739 2632 868 2714 negatae
903 2631 1081 2714 bellumque
1117 2631 1363 2713 redintegratum

211 2733 250 2816 (o.
280 2732 332 2813 37,
354 2733 397 2812 6),
430 2731 474 2798 ad
506 2731 677 2815 Spartam
708 2749 831 2813 pugna
864 2730 1014 2797 Nabidem
1048 2731 1182 2798 Romani
1219 2730 1361 2796 vicerunt

211 2833 250 2915 (5.
272 2831 322 2896 38.
345 2831 401 2914 39)
430 2849 560 2914 eumque
587 2831 802 2913 compulerunt
822 2832 858 2895 ut
884 2831 922 2913 (5,
943 2830 995 2908 40,
1016 2831 1050 2915 4)
1076 2849 1130 2909 „eo
1159 2830 1292 2894 deducta
1312 2848 1362 2894 ras

211 2930 252 2995 sit
273 2931 308 2994 ut
329 2929 377 2994 iis
405 2929 689 2996 conditionibus
713 2950 806 3014 5555
828 2950 864 2994 en
886 2931 1000 3015 scripto
1020 2923 1128 3012 paucis
1151 2926 1222 2996 anie
1254 2929 1362 2995 diebus

211 3029 312 3094 editae
335 3033 423 3095 erant
437 3032 475 3113 (5.
487 3028 542 3112 35)
555 3028 695 3094 induciae
710 3031 853 3095 fierent'':
876 3049 970 3113 quam
983 3049 1090 3113 pacem
1109 3032 1234 3095 senatus
1256 3031 1294 3111 (5.
1309 3029 1362 3109 43,

213 3130 240 3194 l.
263 3129 297 3211 2)
319 3130 418 3195 ratam
442 3147 508 3194 esse
531 3130 657 3196 censuit.
702 3130 787 3210 Quae
809 3130 911 3196 omnia
932 3130 1081 3196 Periocha
1108 3148 1229 3214 quoque
1254 3131 1362 3214 paucis

211 3228 472 3313 Eutropianisqua
485 3229 653 3296 simillimis
668 3231 767 3296 verbis
778 3231 939 3315 expressit:
956 3230 1028 3297 data
1039 3230 1087 3295 his
1098 3231 1362 3313 (Lacedaemoniis

212 3329 243 3393 at
264 3328 391 3410 Nabidi)
413 3350 500 3415 paee
527 3331 672 3414 qualem
688 3332 777 3415 ipse
803 3330 963 3395 volebat.
984 3369 1026 3378 -
1047 3331 1153 3398 Livius
1175 3350 1232 3396 555
1253 3351 1269 3395 5
1291 3333 1361 3397 Po-

211 3429 312 3513 lybio
334 3431 483 3512 hausit⁵)‚
505 3432 543 3497 de
564 3431 753 3497 annalium
775 3430 972 3514 scriptoribus
994 3433 1075 3496 certe
1097 3431 1229 3497 dubitari
1250 3434 1361 3516 potest,

211 3619 411 3629 u*—

280 3733 298 3804 1)
316 3733 415 3788 Contra
424 3746 526 3786 morem
534 3731 613 3790 and.
623 3735 650 3786 et
661 3729 761 3785 Paulus
773 3730 854 3785 litera
864 3731 874 3784 l
886 3686 1059 3801 (reddere)
1071 3731 1112 3802 F.)
1123 3746 1263 3786 nnmerum
1275 3732 1362 3802 desig-

212 3822 290 3887 nant,
320 3817 401 3876 Leid.
429 3819 444 3869 1
474 3820 653 3870 monstrosum
681 3814 749 3869 illud
773 3815 806 3872 L.
833 3816 1006 3882 Quinctius
1035 3816 1113 3886 (5555
1140 3814 1255 3869 fortasse
1280 3817 1363 3885 plena

212 3902 453 3970 quinquaginta
471 3899 505 3953 ad
522 3899 629 3953 literam
646 3899 655 3953 l
672 3898 702 3952 in
719 3899 777 3953 eius
795 3899 942 3970 archetypo
960 3898 1105 3970 adscripta)
1122 3898 1241 3956 exhibet.

280 3985 299 4056 ²)
317 3984 455 4042 Plutarch.
472 3983 531 4053 ipse
549 3982 645 4037 falsum
662 3998 802 4049 numerum
820 3979 894 4042 δέκα
911 3984 1029 4044 exhibet.

279 4069 299 4138 ⁸)
316 4068 382 4124 Inde
394 4067 567 4137 Quinctius
585 4066 748 4122 adhibitis
764 4068 861 4134 legatis
875 4072 999 4123 tantum
1017 4067 1185 4137 tribunisque
1197 4069 1274 4126 milit.
1287 4084 1361 4123 aon·

213 4149 360 4205 diciones
378 4152 411 4206 in
429 4167 508 4221 quas
526 4168 589 4222 pax
606 4166 675 4225 curn
694 4158 832 4222 tyranno
850 4152 952 4208 lieret
967 4153 1027 4208 has
1044 4153 1245 4222 conscripsit
1263 4169 1302 4220 55.

281 4234 301 4302 ⁴)
320 4234 349 4292 G.
360 4235 442 4305 34,9:
460 4235 562 4291 lacerat
574 4235 738 4326 ’5555555
744 4253 771 4305 5.
782 4251 845 4306 pop.
863 4230 1143 4308 Rom.'sooiorumque
1161 4252 1220 4294 5555
1239 4237 1363 4292 crederet

213 4316 393 4388 permiserunt
409 4318 505 4390 (socii).
726 4322 749 4396 ᾗ

282 4402 302 4472 ¹)
321 4399 420 4458 Nissen
437 4417 496 4473 cap.
512 4403 547 4462 X.
564 4403 580 4475 5
598 4404 615 4460 2
631 4419 658 4474 p.
671 4404 812 4466 153-160.
