3038 4964
689 474 854 535 -eo-

198 655 294 738 igitur
313 655 395 738 apud
416 655 502 722 Eutr.
518 674 537 720 a
551 655 638 720 hirio
661 655 760 719 aliena
780 656 1012 739 perlustramus,
1023 654 1110 720 bivio
1128 656 1204 721 locis
1220 657 1352 738 quibus·

198 774 269 820 cum
291 754 472 839 Eutropiani
501 755 664 820 concinunt
692 756 723 819 in
750 756 809 820 fine
831 756 976 838 cuiusque
999 757 1017 838 g
1039 755 1173 822 adiectis.

248 1044 268 1122 ξ
293 1041 319 1107 1,
363 1040 540 1125 Eutropii
562 1042 585 1104 Ι.
614 1060 637 1106 o.
663 1038 1053 1106 1-80umtivii1.1
1080 1043 1307 1121 comparata.

281 1174 348 1254 Qua
369 1175 402 1238 in
425 1175 524 1259 operis
546 1177 631 1257 parte
654 1194 689 1238 er
710 1174 797 1239 Livio
827 1173 986 1256 potissime
1011 1174 1141 1257 pendere
1162 1175 1350 1259 Eutropium

196 1276 260 1341 iam
291 1276 409 1341 numeri
442 1276 588 1356 cuiusque
619 1275 700 1357 regis
726 1293 875 1340 annorum
902 1293 970 1338 cum
999 1273 1120 1338 livianis
1146 1280 1349 1358 congruentes

196 1375 333 1440 indicant
346 1394 422 1457 quos
438 1376 537 1458 capite
553 1394 651 1458 super.
670 1374 844 1439 attulimus:
868 1377 969 1438 tamon
984 1375 1046 1438 iam
1061 1373 1133 1438 ibid.
1164 1374 1349 1460 Eutropium

196 1476 313 1540 duabus
336 1475 368 1539 in
389 1477 479 1540 rebus
501 1476 539 1539 ael
568 1475 797 1557 chronologiam
826 1474 1047 1557 pertinentibus
1077 1495 1112 1540 en
1139 1475 1348 1541 traditiones

195 1576 283 1641 Livio
306 1577 407 1641 aliena
428 1575 567 1639 hausisse
590 1575 877 1640 demonstravimus.
920 1575 1079 1640 Accedunt
1101 1576 1170 1654 alia,
1194 1594 1270 1658 quae
1293 1579 1348 1642 aut

198 1676 317 1743 aLivio
340 1677 429 1759 plane
445 1676 544 1741 aliena
559 1677 630 1739 sunt
645 1678 698 1738 aut
720 1675 751 1738 in
766 1674 865 1738 verbis
880 1676 1002 1738 tantum
1018 1675 1253 1739 similitudinem
1274 1695 1347 1740 cum

194 1777 371 1861 posterioris
399 1776 509 1841 aetatis
537 1776 720 1858 scriptorum
742 1774 818 1840 locis
839 1774 987 1857 produnt:
1016 1774 1161 1839 nimirum
1190 1776 1347 1841 exstitisse

194 1878 302 1962 opinor
332 1877 445 1941 librum
477 1875 610 1957 aliquem
643 1875 680 1938 de
713 1874 804 1941 vitis
836 1893 967 1957 regum
997 1875 1245 1940 Romanorum
1271 1877 1346 1959 (la-

194 1979 330 2044 tinorum
363 1995 481 2059 quoque
513 1978 544 2040 et
565 1975 768 2055 Albanomm)
796 1974 901 2039 brevia
933 1977 965 2037 et
995 1993 1140 2057 persaepe
1173 1975 1345 2059 fabulosa¹)

195 2079 413 2155 continentem,
436 2075 522 2140 cuius
544 2075 672 2139 lacinias
687 2075 768 2158 apud
783 2075 931 2157 plurimos
946 2073 1083 2139 cadentis
1098 2075 1165 2139 aeri
1181 2075 1345 2157 scriptores

195 2178 287 2244 facile
314 2177 553 2242 animadvertes:
587 2194 662 2257 quas
694 2174 747 2257 qui
780 2175 860 2257 apud
890 2174 1070 2238 Africani
1100 2177 1345 2258 er‘oerptores

194 2278 397 2343 Eusebium
417 2275 635 2360 Synoellum
656 2274 834 2340 Chronici
852 2275 1045 2357 paschalis
1065 2277 1220 2340 auctorem
1239 2274 1342 2340 Ano·

194 2398 340 2463 nymum
362 2377 553 2459 Scaligeri
574 2394 664 2458 porro
680 2375 916 2458 apudhydum
938 2375 1117 2439 Malalam
1139 2375 1343 2440 Iohannem

194 2479 474 2544 Antiochenam
489 2477 537 2559 (ex
553 2495 587 2541 eo
604 2473 754 2539 Suidam
777 2474 988 2540 Cedrenum
1003 2474 1233 2556 Planudem)
1257 2475 1343 2538 deni-

195 2600 252 2665 que
282 2579 363 2663 apud
390 2578 479 2643 anni
506 2578 568 2640 354
598 2575 937 2657 chronographum
965 2574 1135 2655 collegerit,
1163 2575 1278 2656 optime
1306 2575 1343 2639 de

192 2685 259 2749 tota
281 2683 387 2746 nostra
407 2679 583 2762 quaestione
604 2675 781 2740 merebitur:
804 2675 852 2739 bis
862 2678 887 2757 ²)
910 2674 1073 2738 Suetonius
1087 2675 1196 2738 harum
1210 2675 1342 2739 narrati·

85 2770 88 2775 ¹
190 2782 372 2850 uncularum
386 2782 492 2844 auctor
506 2778 688 2854 nominatur,
704 2775 754 2840 oui
769 2779 871 2840 utrum
885 2794 917 2839 re
933 2774 1093 2840 veretalia
1108 2773 1253 2858 imputari
1268 2793 1340 2856 pos-

191 2883 254 2948 sint
268 2884 300 2947 in
312 2881 403 2946 dubio
419 2878 593 2960 relinquo³).
617 2876 805 2955 Quibuscum
820 2876 1000 2942 eonferenda
1015 2877 1063 2939 est
1077 2894 1169 2956 quam
1184 2874 1299 2941 sublit.
1313 2875 1339 2938 B

190 2985 270 3050 inter
291 2978 516 3061 Hieronymi
538 2977 585 3059 (ox
600 2976 787 3060 Hieronymo
809 2996 865 3041 sua
880 2977 918 3040 ad
933 2976 1115 3058 Eutropium
1130 2974 1340 3039 additamenta

190 3086 333 3152 Paulus
370 3081 560 3145 Diaconos
598 3078 743 3160 sumpsit,
765 3098 801 3142 en
833 3078 1021 3159 Hieronymo
1049 3078 1081 3139 et
1102 3074 1339 3158 Chronographo

190 3187 289 3253 multa
316 3183 429 3267 repetit
450 3180 643 3262 Isidorus)
666 3180 765 3243 sontes
791 3178 944 3243 recensuit
964 3175 1186 3241 Mommsenius
1213 3175 1338 3240 latina

190 3288 359 3356 historia
381 3284 425 3349 de
452 3281 597 3365 origine
626 3279 756 3364 gentis
782 3281 983 3357 Romanae,
1011 3277 1120 3361 quae⁴>
1148 3277 1274 3360 vulgata
1301 3277 1338 3341 de

189 3491 388 3506 ——u—-a

258 3608 280 3678 ¹)
296 3606 420 3661 Pertinet
437 3604 490 3657 hue
513 3600 673 3672 praesertim
695 3597 810 3652 historia
832 3611 912 3663 quarn
930 3595 1076 3662 Chronogr.
1099 3611 1124 3654 a
1140 3595 1192 3650 354
1212 3596 1336 3665 plenissi-

187 3709 258 3748 mam
280 3690 391 3746 exhibet
411 3689 654 3756 congiariorum
680 3682 732 3736 vid.
755 3682 868 3736 aliorum
890 3695 972 3748 supra
992 3680 1162 3734 laudatorum
1184 3681 1217 3734 de
1243 3681 1336 3737 eadem

188 3794 218 3833 re
237 3777 398 3845 scriptomm
415 3773 488 3827 locos
507 3772 579 3841 apud
596 3768 800 3824 Mommsenium
819 3766 881 3823 Chr,
898 3782 925 3834 p.
948 3764 998 3817 649
1016 3780 1055 3832 sq.
1090 3765 1126 3834 (n.
1145 3765 1219 3818 1-5.
1238 3766 1278 3820 10.
1297 3767 1337 3823 la.

188 3863 229 3917 14·
246 3861 390 4014 {Eli-suidas
408 3960 432 4001 r.
451 3933 584 4017 ἀσσάρια
603 3940 748 4008 (=Iohann.
761 3938 793 3990 ir.
809 3937 844 3990 33
865 3936 977 3993 Cedren.
994 3951 1021 4003 p.
1040 3935 1089 3988 148
1100 3934 1132 4004 B)
1150 3935 1182 3990 cf.
1197 3935 1304 4004 SyneeH
1315 3935 1335 3991 l.

187 4048 214 4100 p.
231 4029 282 4083 398
300 4028 397 4084 Chron.
419 4026 512 4095 pasch.
534 4043 560 4094 p.
577 4025 628 4077 218
645 4027 733 4081 Anon.
751 4023 820 4077 Seal.
846 4039 873 4090 p.
887 4021 929 4075 ’54
951 4021 982 4074 et
1004 4019 1102 4077 Chron.
1123 4020 1216 4088 pasch.
1237 4037 1265 4089 p.
1285 4021 1335 4074 217

185 4113 280 4170 Malal.
296 4127 322 4179 p.
341 4110 375 4164 33
392 4111 424 4164 ci.
443 4111 517 4167 Suid.
534 4126 558 4167 v.
573 4100 693 4184 χλάμυς
710 4107 851 4176 (=Gedren
863 4108 879 4160 l.
892 4110 935 4173 o).

254 4199 274 4266 ³)
293 4195 353 4251 vid.
372 4194 522 4248 Mommsen
540 4194 684 4259 chronogr.
704 4194 751 4246 des
769 4191 1079 4259 hamptonensem
1097 4189 1138 4245 ed.
1156 4189 1229 4244 Roth
1246 4189 1334 4242 Praei.

184 4301 211 4353 p·
229 4283 353 4434 ⁷2baillia
371 4363 520 4417 Mommsen
538 4363 651 4428 Quellen
669 4362 715 4415 des
733 4362 806 4414 Hier.
824 4378 850 4428 p.
869 4362 926 4417 680.
