3038 4964
670 460 836 523 ..30-

159 660 165 667 ·
182 647 280 714 secuti
302 649 376 714 sunt
397 646 522 712 eandem
539 664 633 728 quarn
649 643 785 709 Cassiod.
808 647 839 709 et
853 644 979 725 llntrop
1002 663 1156 709 summam
1171 643 1334 728 (Ivem)

181 749 358 833 exhibuit¹).

266 849 349 929 Quae
372 847 474 914 omnia
495 847 608 911 mirum
634 846 666 910 in
688 846 813 911 modum
840 844 1013 927 opinionem
1035 863 1129 926 quam
1157 847 1260 930 eloqui
1282 865 1333 912 so-

181 952 261 1028 lum,
284 970 344 1014 non
365 949 489 1013 uberius
512 947 661 1030 explicare
683 946 774 1010 liuius
797 945 896 1027 operis
918 945 978 1009 mei
1000 945 1169 1028 particulae
1191 949 1333 1011 011001-

181 1050 318 1128 firmant‚
352 1049 469 1113 scilicet
502 1047 655 1113 exstitisse
692 1046 813 1110 saeculo
847 1047 957 1127 qrrarto
990 1046 1153 1111 chronicon
1185 1048 1334 1111 maiorem

182 1151 302 1233 partem
318 1169 334 1214 o
348 1149 434 1214 Livio
458 1149 628 1213 derivatum
651 1166 711 1230 quo
732 1148 853 1229 pmeter
870 1147 1048 1228 Eutropium
1064 1147 1177 1212 Rufum
1193 1147 1332 1212 Ammia-

183 1269 319 1332 numquc
334 1253 426 1332 atrpue
441 1249 486 1332 tin
500 1248 619 1332 paucis)
634 1248 888 1329 Hieronymum)
910 1246 1107 1311 Cassiodorus
1123 1266 1243 1330 quoque
1259 1267 1333 1312 usus

183 1370 249 1414 esse
276 1349 409 1414 videtur:
437 1350 499 1414 iam
523 1348 698 1414 Cassiodori
724 1346 838 1411 liviana
865 1365 881 1409 0
903 1346 984 1410 Livii
1015 1347 1178 1428 exemplari
1200 1347 1333 1430 quodam

183 1449 458 1516 aNicomachianis
474 1468 550 1531 quas
562 1449 666 1513 dieunt
678 1446 965 1530 interpolationibus
977 1465 1051 1529 puro
1065 1447 1188 1511 fluxisse
1199 1448 1334 1512 Momm-

182 1551 285 1616 senius
307 1551 327 1616 l.
344 1570 369 1615 c.
392 1549 533 1633 probavit
554 1549 733 1631 illustreque
755 1547 845 1611 liuius
868 1547 910 1610 rei
933 1546 1104 1629 exemplum
1126 1548 1240 1625 attulit,
1257 1548 1334 1613 Gas-

182 1649 337 1716 siodorum
359 1649 686 1715 0111247101111111
706 1648 831 1714 nomina
852 1647 976 1729 perinde
998 1667 1033 1711 ac
1048 1647 1171 1712 Livium
1193 1646 1334 1712 omisisse

181 1753 314 1836 genuina
336 1754 438 1816 tamen
460 1770 486 1815 a.
510 1750 572 1814 248
594 1750 754 1814 consulum
776 1748 900 1813 nomina
923 1767 1073 1826 servasse,
1096 1768 1166 1812 cum
1188 1748 1333 1813 Nicoma·

182 1853 257 1918 chus
272 1853 410 1917 codicum
426 1869 558 1916 errorem
580 1850 657 1916 falso
672 1851 738 1915 loco
754 1850 902 1931 corrigere
917 1851 1043 1931 conatus
1059 1849 1119 1923 ·sit;
1143 1869 1213 1913 cum
1228 1851 1333 1914 autem

182 1972 279 2018 annus
301 1952 354 2016 ille
376 1952 465 2035 (247)
488 1950 581 2015 etiam
603 1951 640 2015 ab
662 1950 809 2033 Eutropio
831 1949 1063 2032 praetermissus
1086 1948 1172 2033 1111),
1199 1968 1240 2015 er
1263 1969 1333 2032 quo

183 2052 404 2119 Cassiodori
427 2051 638 2118 Chronioon
664 2051 830 2115 fluxerit
851 2049 954 2114 Livii
981 2050 1168 2131 exemplar
1195 2051 1257 2133 (rel
1277 2069 1333 2133 po-

182 2153 246 2218 tius
268 2153 430 2218 chronicon
453 2153 585 2235 quodam
607 2171 623 2216 o
645 2151 732 2218 Livio
760 2151 907 2216 baustum
928 2149 1131 2232 llutropiique
1157 2153 1188 2214 et
1210 2149 1333 2217 Cassio-

183 2252 251 2319 dori
273 2253 344 2320 fons
366 2254 551 2336 communis)
581 2251 724 2317 saeculi
758 2251 888 2333 quarti
920 2249 1033 2314 medii
1062 2250 1137 2332 quin
1159 2250 1251 2314 fuerit
1271 2271 1335 2317 non

185 2353 307 2420 dubito:
338 2373 432 2437 quam
463 2354 638 2438 opinionem
666 2353 847 2418 confirmant
868 2370 967 2434 pauca
988 2351 1135 2417 historica
1158 2371 1235 2434 quae
1258 2351 1333 2416 Cas-

251 2523 272 2590 1)
290 2522 387 2575 Totum
404 2521 469 2575 Ruti
486 2522 572 2576 locum
591 2536 710 2589 appono,
736 2518 869 2586 quomodo
892 2518 919 2570 in
942 2518 999 2575 cod.
1018 2517 1147 2572 Fuldensi
1165 2519 1246 2572 etiam
1263 2518 1334 2572 inter

181 2606 364 2675 Eutropianos
385 2606 498 2674 optimo,
525 2605 599 2658 cuius
622 2604 765 2658 collatione
787 2602 971 2671 praeceptoris
988 2602 1159 2655 Mommsenii
1180 2601 1335 2668 gratissima

183 2706 233 2759 ope
250 2691 290 2744 uti
307 2690 372 2743 mihi
390 2691 479 2758 licuit,
497 2690 608 2756 legitur:
632 2688 766 2742 consentit
782 2686 924 2755 Iordanes,
947 2686 1006 2741 aliis
1024 2685 1090 2741 Rufi
1113 2686 1250 2741 codicibus
1272 2684 1334 2754 (rid.

182 2775 322 2842 Verheyk)
338 2774 408 2828 male
426 2774 583 2842 corruptis?

251 2858 397 2920 „Consules
414 2860 524 2912 fuerunt
541 2858 654 2911 aBruto
673 2863 701 2910 01
717 2856 857 2910 Publicola
875 2856 902 2908 iu
913 2856 1028 2909 Pansam
1048 2861 1076 2908 et
1087 2855 1205 2909 Hirtium
1223 2870 1334 2909 numero

184 2941 374 3005 „DCCOCXVI
397 2948 506 3010 praeter
529 2956 574 2995 eos
597 2942 641 3009 qui
663 2943 692 2994 in
714 2941 827 2994 eundem
849 2955 947 2993 aunum
966 2940 1035 2993 forte
1054 2940 1144 3007 aliqua
1161 2945 1224 2994 sunt
1241 2939 1334 2993 subro-

184 3026 254 3094 „gati
271 3042 320 3094 por
333 3041 416 3080 annos
430 3027 630 3081 CCCCLXVII:
643 3043 738 3082 novem
751 3027 821 3079 enim
831 3024 908 3078 annis
920 3024 1021 3077 Romae
1040 3025 1161 3078 consules
1180 3023 1334 3078 defuerunt:

185 3109 251 3178 „sub
271 3110 429 3164 decemviris
447 3111 524 3164 annis
542 3111 646 3165 duobus
665 3111 714 3165 sub
736 3110 851 3163 tribunis
872 3107 1033 3161 militaribus
1055 3109 1132 3162 annis
1153 3110 1239 3163 tribus
1265 3109 1334 3179 [sine

185 3193 413 3264 magistratibus]
435 3195 523 3249 Roma
548 3195 599 3249 suit
625 3210 709 3249 annos
736 3195 886 3262 quattuor.“
926 3191 1038 3259 (inclusa
1064 3193 1105 3263 []
1133 3193 1223 3247 omisit
1244 3192 1333 3261 Fuld).

183 3279 286 3333 Novem
303 3283 407 3332 tantum
425 3280 627 3349 (11÷1v÷111)
644 3279 721 3333 armis
738 3279 840 3332 Romae
859 3276 981 3330 consules
999 3291 1053 3330 non
1069 3276 1151 3332 fuisse
1169 3277 1233 3332 Ruti
1250 3278 1335 3346 ipsius

184 3363 346 3418 sententiam
363 3380 507 3434 rerumque
524 3366 666 3419 lectionem
681 3378 740 3417 esse
757 3362 820 3415 inde
832 3361 927 3428 elucet,
940 3360 1010 3428 quod
1024 3377 1041 3414 a
1057 3377 1187 3416 numero
1203 3362 1254 3416 467
1272 3361 1334 3431 (quo

184 3449 266 3502 totius
283 3448 384 3503 liberae
402 3449 441 3503 rei
459 3466 485 3518 p.
503 3464 588 3503 annos
606 3448 740 3516 expressit
756 3445 863 3513 Rufus),
888 3445 1079 3498 1111011916
1101 3446 1214 3514 (scilicet
1231 3447 1334 3499 numeri
1360 3453 1364 3461 ’

184 3533 384 3601 singulorum
411 3533 608 3587 ordinariorum
630 3531 769 3586 consulum
791 3546 840 3599 per
861 3529 913 3582 hoc
935 3533 1040 3597 tempus
1062 3531 1207 3584 secundum
1224 3530 1334 3599 Rufum)

184 3616 317 3672 dimidio
336 3618 474 3672 deducto
492 3600 956 3699 novemrestanttdbl-ffsssstlt

251 3719 271 3789 ²)
289 3720 407 3786 Quorum
426 3735 485 3773 cum
497 3718 628 3786 Eutropio
641 3717 869 3785 comparationem
881 3721 916 3773 ad
929 3714 1148 3787 opportuniorem
1167 3715 1335 3769 occasionem

183 3805 331 3859 reservari:
352 3819 403 3872 quo
421 3804 481 3858 loco
500 3804 580 3857 etiam
593 3802 626 3856 de
639 3803 733 3871 paucis
751 3802 845 3856 similis
863 3802 945 3856 fontis
963 3803 1082 3870 vestigiis
1101 3815 1170 3869 quae
1189 3799 1260 3867 apud
1272 3798 1333 3852 His·

184 3887 269 3943 toriae
291 3889 430 3957 Augustae
449 3888 597 3956 scriptores
619 3887 730 3955 (saeculi
748 3888 836 3955 quarti
855 3887 982 3957 ineuntis)
1001 3886 1052 3939 rid.
1076 3900 1158 3954 supra
1175 3901 1201 3953 p.
1218 3884 1252 3938 26
1273 3899 1300 3940 n.
1319 3883 1334 3936 1

184 3972 256 4026 infra
273 3989 331 4040 cap.
350 3972 425 4042 1116
443 3974 459 4026 1
477 3973 515 4041 (p.
533 3971 566 4024 47
584 3988 610 4028 n.
627 3971 653 4040 2)
671 3971 687 4041 6
705 3972 722 4025 5
738 3971 909 4025 inveniuntur
927 3970 1058 4027 tractabo

252 4058 273 4120 3>
291 4056 351 4110 Vid.
374 4071 456 4124 supra
473 4073 499 4125 p.
521 4056 562 4112 15.
581 4056 625 4109 161
652 4055 685 4108 de
712 4055 809 4108 ceteris
836 4056 913 4109 annis
932 4070 948 4108 a
966 4053 1125 4108 Cassiodoro
1147 4051 1252 4107 omissis
1271 4050 1334 4120 (rid.

185 4138 335 4193 Mommsen
352 4140 370 4197 1.
388 4156 411 4197 0.
428 4157 454 4208 p.
467 4140 526 4209 555)
545 4139 613 4193 nihil
631 4155 665 4192 ex
676 4139 753 4195 Eutr.
772 4138 876 4192 discere
893 4153 1049 4208 possumus:
1066 4153 1128 4191 nam
1147 4137 1208 4191 anni
1228 4134 1335 4204 quidem

184 4237 255 4280 sarr.
277 4223 328 4277 485
350 4224 488 4277 consulum
509 4224 619 4278 nomina
640 4223 750 4277 exhibet
766 4222 844 4276 Eutr.
867 4223 902 4276 ΙΙ.
930 4223 1034 4292 16111,
1057 4221 1104 4276 sed
1127 4221 1220 4276 eadem
1242 4233 1336 4273 nona

185 4307 345 4361 cassiodoro
363 4309 421 4377 ipso
440 4308 488 4363 sed
505 4325 522 4362 a
539 4307 630 4362 scriba
645 4308 836 4375 praetermissa
848 4323 865 4360 a
878 4307 1038 4362 Cassiodoro
1057 4322 1155 4360 annum
1172 4305 1246 4360 illum
1264 4320 1334 4359 com-

184 4395 308 4464 putatum
325 4407 384 4447 esse
402 4392 552 4447 Mommsen
569 4394 587 4452 1.
605 4408 628 4450 0.
645 4391 794 4446 luculenter
811 4389 945 4463 probarit,
