3038 4964
668 480 835 546 ..89-

181 668 388 733 Romanorum
409 667 605 732 recensentur
620 667 651 731 ei
664 666 786 732 numeri
800 683 950 733 annorum
965 667 1078 750 quibus
1096 665 1219 750 singula
1240 667 1328 749 gesta

181 768 262 844 sunt,
284 766 472 834 indicantur:
495 785 572 850 quae
595 765 697 831 omnia
719 785 754 831 ex
775 768 861 832 Eutr.
889 766 1041 831 fluxerunt
1066 766 1126 832 vid.
1154 767 1198 832 de
1226 764 1329 830 bello

180 867 350 949 piratico
372 867 530 933 111111.
554 866 593 930 12
615 865 658 930 de
679 865 795 930 tertio
819 865 956 949 punico
974 867 1025 932 IV.
1044 865 1329 949 10-12(11.1’101.

181 967 310 1051 (1115)
333 970 357 1033 I.
379 968 434 1051 31)
457 968 493 1032 de
515 967 543 1033 b.
564 965 825 1049 gladiatorum
849 967 901 1032 VI.
925 965 942 1028 I
965 964 1101 1031 sociali
1121 965 1158 1031 V.
1180 965 1201 1030 3
1223 964 1331 1049 puni-

153 1134 155 1136 ,
181 1086 222 1132 oo
246 1067 408 1133 seeundo
432 1071 490 1135 111.
504 1066 546 1132 23
567 1084 651 1150 pun.
671 1064 793 1149 primo
820 1067 860 1131 11.
881 1064 922 1129 27
943 1063 1199 1131 Mithridatico
1220 1064 1273 1132 VI.
1290 1064 1330 1129 12

181 1165 424 1251 Samnitioo¹)
441 1167 514 1235 11.9
529 1167 625 1249 deque
651 1183 742 1248 paee
764 1164 934 1230 Caudina
954 1164 1027 1231 ibid.
1043 1167 1119 1249 (eap.
1141 1165 1223 1247 init.)
1244 1165 1331 1248 Ipsos

182 1267 268 1355 Eutr.
284 1285 400 1332 errores
407 1266 519 1351 repetit
528 1266 692 1350 Augustin.
704 1283 728 1331 e.
740 1283 784 1348 gr.
799 1284 869 1330 eum
881 1265 998 1331 bellum
1009 1264 1121 1331 sociale
1136 1265 1331 1348 quinque²)

182 1385 279 1430 annos
301 1366 459 1432 duravisse
481 1366 605 1433 scribat.
637 1365 794 1430 Numerus
816 1385 973 1431 caesorum
985 1367 1197 1431 Romanorum
1211 1364 1244 1430 iu
1259 1363 1333 1430 belli

183 1466 288 1550 punici
310 1466 437 1532 secundi
458 1466 583 1549 proeliis
605 1465 686 1549 apud
709 1466 920 1548 Augustinum
941 1465 1041 1550 (LXX
1066 1464 1166 1549 milia)
1188 1483 1331 1531 numeros

182 1585 339 1632 caesorum
370 1567 404 1631 in
431 1585 536 1650 pugna
561 1566 642 1650 apud
671 1565 885 1631 Trasimenum
917 1566 1018 1632 laeum
1053 1568 1145 1650 atque
1171 1563 1331 1640 Cannensi,

182 1686 258 1750 quos
280 1668 362 1732 solos
374 1668 458 1733 Eutr.
473 1666 506 1731 in
522 1666 614 1732 huius
631 1665 705 1732 belli
718 1665 892 1733 narratione
907 1666 1003 1745 affert,
1018 1666 1141 1733 additos
1157 1665 1331 1747 eontinet⁸).

250 1833 268 1902 ¹)
285 1833 347 1892 Vid.
365 1847 448 1902 supra
464 1848 490 1901 p.
509 1830 542 1886 76
559 1847 584 1885 n.
602 1831 625 1886 4.

248 1917 268 1982 ²)
285 1916 400 1971 Duravit
416 1916 516 1971 bellum
534 1916 593 1986 ipso
610 1915 688 1973 Eutr.
706 1920 776 1971 teste
794 1916 829 1971 ab
847 1932 918 1971 anno
935 1931 1042 1974 rarron.
1060 1915 1110 1969 663
1127 1914 1188 1984 (659
1200 1929 1242 1983 ap.
1254 1913 1331 1967 Eutr.

181 2000 213 2054 V.
232 2000 249 2053 3
266 2001 313 2067 in.)
330 2016 416 2070 usque
434 2001 469 2054 ad
487 2016 547 2055 eum
566 2016 618 2068 quo
637 2000 723 2069 (Eutr.
743 2015 765 2054 o.
783 2000 800 2054 3
817 2000 862 2054 fin.
881 2016 904 2059 o.
920 2000 939 2055 4
955 2001 1002 2064 in.)
1025 1999 1102 2054 Sulla
1123 2013 1177 2056 eos.
1199 1997 1251 2052 fuit
1273 1997 1330 2052 soil.

180 2097 251 2141 varr.
269 2084 320 2139 666
336 2084 396 2154 (662
413 2084 491 2143 Eutr.
511 2100 534 2143 o.
551 2084 568 2139 4
584 2084 631 2154 in.)
647 2084 699 2138 vid.
718 2099 801 2154 supra
817 2101 843 2154 p.
861 2085 895 2139 22
912 2101 938 2139 n.
956 2084 1030 2138 2-5.

248 2166 268 2236 ³)
287 2167 348 2222 Scil.
366 2168 444 2224 XXV
459 2167 514 2222 mil.
532 2167 561 2222 iu
578 2168 667 2239 priore
685 2167 725 2238 (Ε.
744 2168 793 2228 III.
811 2169 836 2238 9)
859 2175 887 2224 31
902 2169 952 2224 XL
966 2185 1000 2222 m.
1017 2166 1139 2238 peditum
1155 2165 1197 2220 III
1209 2181 1243 2219 m.
1261 2169 1289 2219 et
1305 2164 1330 2218 D

181 2251 301 2320 equitum
318 2252 346 2306 in
363 2252 513 2322 posteriore
531 2251 592 2321 (111.
611 2253 663 2321 10),
686 2252 732 2321 qui
748 2253 853 2308 numeri
871 2252 957 2308 additi
978 2266 1109 2306 summum
1125 2249 1242 2305 LXVIII
1253 2263 1288 2302 m.
1306 2247 1331 2300 D

181 2334 309 2395 1111111111.
