3038 4964
700 464 734 472 --
759 428 801 490 aa

225 612 408 667 cassiodor.
471 611 656 681 Eutropius
741 611 877 664 Servius
1017 608 1122 664 Rufus
1231 607 1352 662 Livius

424 714 462 781 (3)
489 718 517 766 et
546 711 674 780 expulsus
1205 709 1234 762 in
1251 709 1369 763 exilium

425 797 534 851 civitate
552 805 607 849 est:
1206 792 1275 846 abiit

424 882 461 950 (4)
479 880 570 934 statim
1206 877 1241 934 cf.
1252 876 1297 945 32,
1310 878 1326 931 7
1339 885 1369 931 et

1209 961 1295 1030 33,1.

423 1051 461 1119 (ὃ)
476 1048 545 1102 Galli
559 1050 678 1101 Senones
938 1049 977 1117 (2)
997 1048 1024 1100 iu
1037 1051 1141 1100 tantum
1153 1047 1191 1100 vi·

423 1133 458 1187 ad
484 1133 577 1186 urbem
601 1148 677 1185 vone-
938 1131 1012 1185 ribus
1027 1131 1089 1184 freti
1099 1135 1128 1182 ut
1138 1130 1190 1183 Ro·
1209 1146 1231 1184 c.
1243 1130 1285 1199 36,
1296 1130 1364 1200 8sq.

426 1226 488 1271 mut
938 1216 1190 1284 mamipsampcte·

940 1305 1007 1353 rent

423 1386 460 1453 (e)
479 1392 506 1439 ct
524 1387 608 1439 victos
622 1385 674 1439 llo·
695 1384 920 1453 (llllrounoduce
939 1383 978 1446 (3)
991 1384 1077 1437 caesis
1089 1385 1190 1438 exerci-

423 1486 515 1523 munos
528 1470 567 1523 xl
591 1469 675 1524 milia·
693 1468 765 1521 Galli
784 1468 856 1536 apud
875 1469 920 1522 Al·
955 1467 1026 1520 tibus
1045 1468 1172 1521 Romanis
1207 1468 1281 1533 aas,
1294 1469 1361 1536 Vsq.

423 1554 464 1606 rio
477 1571 493 1607 a
506 1554 592 1607 lloma
604 1554 674 1622 apml
692 1552 921 1606 lianrlluviumdo·
937 1551 1008 1620 apud
1024 1552 1121 1605 Alliam
1139 1552 1188 1606 llu-
1205 1553 1273 1606 -38
1292 1553 1343 1606 fin.

424 1635 531 1690 Aurium
551 1637 649 1691 Alliam
692 1635 753 1688 letis
770 1636 919 1703 legionibus
936 1636 1006 1688 vium

206 1726 406 1793 (llposturbom
425 1721 463 1783 (i)
485 1722 570 1775 secuti
593 1722 674 1776 etiam
693 1721 731 1781 (2)
765 1726 919 1773 everterunt
937 1719 975 1783 (4)
993 1719 1099 1773 moenia
1112 1719 1186 1774 urbis
1203 1738 1225 1776 c.
1238 1722 1280 1791 41,
1291 1723 1308 1774 4
1319 1739 1361 1791 sq.

206 1816 312 1878 captam
438 1805 530 1859 urbem
549 1822 663 1874 occupa·
694 1802 787 1856 urbem
936 1804 1069 1857 intrarent

425 1894 488 1942 runt

1206 1974 1228 2015 c.
1250 1958 1298 2025 39,
1327 1960 1359 2012 9:

1204 2058 1267 2095 nam
1296 2058 1359 2096 cum

1214 2125 1349 2181 defendi

1234 2209 1327 2264 urbem

1205 2310 1285 2363 posse
1302 2301 1359 2349 tam

1205 2394 1291 2447 parva
1313 2395 1356 2433 re-

1204 2463 1356 2518 lictamanu

1205 2561 1266 2614 spes
1280 2548 1357 2603 nulla

1203 2632 1355 2700 esset‚pla·

1203 2716 1283 2769 cuit..
1306 2717 1356 2770 iu·

421 2797 459 2860 (8)
466 2811 551 2864 noque
561 2796 617 2862 deff
622 2811 672 2850 en·
934 2795 1090 2859 [Gladcuius
1097 2809 1186 2849 arcem
1203 2804 1356 2854 ventutem

420 2880 673 2947 diquicquamnisi
934 2879 1184 2934 sexcentinobi·
1213 2883 1338 2937 milita·

420 2957 728 3032 Capitoliumpotuiqtdl
747 2959 848 3026 absquo
867 2960 915 3013 Ca·
933 2965 981 3018 los
1008 2971 1040 3018 et
1062 2964 1107 3027 [al.
1126 2965 1182 3020 cod.
1202 2982 1267 3019 rem
1302 2984 1355 3023 so-

529 3045 536 3059 ·
689 3042 784 3110 pitolio
949 3048 1165 3112 nobilissimi]
1200 3057 1356 3120 natusque

949 3139 1130 3186 senatores
1145 3134 1166 3194 ¹)
1201 3135 1301 3189 robur
1327 3139 1355 3192 in

932 3216 1108 3284 confugerant
1203 3234 1292 3273 arcem
1304 3222 1353 3276 Ca·

203 3333 269 3372 sam
291 3318 339 3373 sed
356 3324 467 3389 propter
485 3333 544 3372 eam
562 3319 709 3387 Apollini
731 3323 839 3372 votam
864 3320 952 3387 plebis
970 3318 1097 3372 invidiam
1120 3321 1270 3376 concitasse
1290 3323 1353 3386 [vid.

204 3402 355 3471 Sehuegler
372 3420 392 3456 r.
417 3402 639 3471 e.111.p.173.
665 3403 716 3457 228
734 3409 785 3470 sq.)
816 3403 1066 3471 damnatumque
1094 3417 1165 3458 esse
1197 3410 1355 3474 tanquam

203 3488 429 3557 peculatorem
446 3488 651 3542 Veientanae
669 3487 812 3556 praedae
831 3487 893 3550 (vid.
911 3488 1001 3542 Valer.
1020 3488 1092 3541 Max,
1102 3488 1135 3544 V.
1155 3489 1179 3554 3,
1197 3488 1214 3542 2
1232 3490 1354 3560 aliosque

203 3574 275 3643 apud
293 3573 444 3642 Schuegler
461 3573 479 3626 l.
498 3587 519 3626 c.
538 3588 563 3640 p.
583 3571 675 3625 17411.
695 3572 735 3639 1);
758 3587 818 3625 cum
836 3577 928 3625 tamen
943 3572 1035 3626 Livius
1052 3572 1069 3625 l.
1089 3588 1111 3625 c.
1134 3579 1167 3638 (o.
1185 3572 1227 3644 32,
1244 3574 1270 3639 8)
1293 3576 1353 3631 bre-

201 3657 275 3710 viore
299 3657 414 3725 quodam
439 3656 518 3710 modo
540 3657 592 3710 hac
614 3657 649 3710 de
670 3672 699 3710 re
719 3656 823 3710 locutus
842 3656 890 3724 sit,
913 3657 957 3724 qui
980 3671 1040 3709 eum
1058 3657 1143 3710 secuti
1161 3664 1223 3711 sunt
1240 3659 1352 3729 Eutrop.

203 3739 310 3794 Servius
329 3746 409 3808 atque
428 3741 509 3794 etiam
520 3740 646 3794 FlorusI.
658 3739 691 3794 17
709 3741 759 3809 (22)
779 3746 806 3793 et
817 3742 912 3795 Victor
929 3741 962 3794 de
974 3757 997 3794 v.
1013 3741 1029 3792 i.
1044 3756 1065 3794 c.
1077 3741 1112 3795 23
1130 3741 1191 3811 (vid.
1202 3741 1354 3810 Schwegler

201 3823 276 3893 ibid.)
285 3824 421 3877 simillima
430 3824 534 3878 ratione
546 3823 629 3878 verba
647 3824 703 3878 eius
716 3826 881 3895 supplevisse
896 3825 1019 3879 ridentur
1036 3825 1088 3879 vid.
1101 3825 1188 3882 Flor.:
1206 3826 1277 3895 quod
1294 3826 1352 3881 ini-

203 3921 263 3973 que
276 3907 461 3976 interplebem
471 3915 497 3961 et
506 3909 655 3963 exercitum
668 3911 879 3964 veientanam
897 3909 1050 3978 praedam
1069 3909 1232 3965 dividisse
1249 3910 1352 3966 videre·

201 3994 253 4044 tur.
288 3991 393 4046 Victor:
416 3997 457 4045 est
475 3993 578 4046 crimini
601 3994 706 4064 datum,
729 3995 839 4063 quod...
862 3995 1018 4063 praedam
1040 3995 1153 4062 inique
1176 3994 1353 4050 dividisset

203 4079 292 4141 (quem
311 4073 461 4143 Schwegler
478 4077 495 4130 l.
515 4093 536 4130 c.
555 4077 631 4131 addit
643 4079 739 4134 Suidas
757 4095 781 4136 u.
795 4070 928 4152 (Βόυριος
946 4079 1075 4132 Iohannis
1092 4081 1157 4136 Ant.
1179 4078 1235 4135 scil.
1253 4080 1351 4133 Eutro-

201 4157 240 4227 pii
258 4157 341 4211 verba
358 4159 489 4222 exhibet).

270 4243 291 4303 1)
309 4241 446 4309 Nusquam
459 4244 522 4298 alibi
535 4261 673 4298 numerum
685 4247 814 4314 praesidii
824 4247 985 4316 Capitolium
998 4246 1144 4301 obtinentis
1156 4246 1259 4316 invani3
1278 4248 1351 4302 solus

201 4323 299 4380 Florus
322 4325 342 4379 Ι.
366 4326 381 4381 7
403 4327 453 4397 (13)
475 4328 557 4383 verba
578 4329 661 4384 habet
684 4330 885 4386 iuventutem
912 4331 997 4386 satis
1020 4336 1151 4386 constat
1180 4331 1234 4386 vix
1261 4330 1351 4388 mille
