3038 4964
656 458 821 520 -49-

245 640 364 705 Ultima
386 658 491 704 eorum
513 659 589 722 quae
612 641 773 722 scriptores
796 642 846 707 cit.
870 642 1008 720 afferunt,
1032 643 1228 725 singulariter
1244 666 1314 711 cum

164 739 345 804 Cicerone
359 742 382 820 ¹)
405 740 568 804 concinunt
590 742 625 804 de
648 761 709 824 rep.
723 745 763 807 ll.
788 741 835 817 10,
851 741 905 805 2οε
929 743 1001 824 „qui
1024 744 1188 825 (Proculus
1203 747 1314 828 Iulius)

162 846 194 909 iu
216 841 355 904 contione
378 840 490 904 dixisse
511 841 647 905 fertura
674 860 711 905 se
738 841 856 906 visum
884 843 1031 909 esscin
1059 862 1098 908 eo
1121 846 1220 910 colle
1242 849 1314 912 Ro·

164 941 302 1005 mulum
324 939 386 1022 qui
407 960 505 1004 nunc
528 941 957 1023 Qui1iualisvooatur²):
981 961 1051 1006 eum
1073 944 1131 1008 sibi
1153 947 1315 1011 mandasse

163 1043 198 1105 ut
224 1041 372 1124 populum
398 1047 520 1123 rogaret
544 1043 588 1105 ut
614 1040 688 1106 sibi
716 1060 758 1106 eo
784 1042 822 1104 in
844 1042 945 1106 colle
969 1042 1165 1109 delubrum
1186 1046 1314 1111 fieret:

165 1162 201 1207 se
224 1142 332 1205 deum
354 1160 435 1205 esse
457 1142 488 1205 et
511 1139 706 1219 Quirinum
730 1142 880 1207 vocari''
904 1143 1023 1224 (eadem
1046 1143 1082 1208 de
1104 1145 1162 1228 leg.
1181 1147 1204 1211 l.
1231 1147 1256 1224 1,
1273 1146 1314 1229 3).

207 1258 251 1324 Cf.
275 1258 403 1339 demque
425 1258 615 1323 Victorem
637 1279 661 1323 c.
686 1259 703 1321 1

165 1361 222 1442 (de
244 1376 437 1422 annonaa
459 1357 588 1424 Servio
610 1359 715 1442 plebi

165 1459 410 1540 distributa³)
765 1480 835 1525 cum
858 1461 1061 1544 Chrouogr.

246 1641 439 1730 Apponimus
467 1662 502 1706 ca
530 1662 606 1726 quae
636 1644 716 1727 apud
738 1647 823 1711 llutr.
851 1645 910 1710 hac
932 1646 964 1709 in
995 1649 1082 1728 parte
1112 1650 1143 1712 et
1171 1647 1247 1711 alibi
1276 1649 1316 1712 ad

165 1743 246 1807 Livii
267 1743 387 1807 textum
409 1743 512 1807 addita
540 1744 575 1807 de
602 1745 743 1826 spatiis
770 1765 860 1828 quae
888 1747 987 1810 inter
1013 1746 1139 1812 urbem
1162 1747 1316 1812 Romam

166 1847 201 1909 et
228 1843 383 1925 singula
412 1843 452 1906 de
481 1843 617 1924 quibus
646 1845 773 1926 agitur
804 1846 885 1910 loc-a
913 1845 1198 1931 intercedant⁴)
1230 1831 1315 1912 inve-

166 1945 291 2008 niuntur
322 1943 383 2007 vid.
419 1943 509 2025 capit.
537 1944 558 2006 4
584 1943 703 2026 (eadem
731 1965 755 2012 c.
781 1946 842 2028 19),
871 1945 900 2010 5.
924 1945 953 2010 8.
975 1946 1051 2010 item
1077 1947 1110 2010 in
1138 1946 1315 2029 posteriori-

167 2045 224 2109 bus
245 2043 385 2127 partibus
408 2044 430 2108 I.
461 2042 498 2104 11
522 2042 590 2126 (19)
619 2044 746 2127 1185)
780 2065 816 2110 eu
838 2046 1042 2111 itinerario
1070 2047 1201 2129 quodam
1228 2047 1315 2111 nobis

167 2147 355 2209 servatorum
385 2143 479 2208 simili
504 2143 602 2225 petita
628 2163 694 2208 esse
721 2145 905 2228 videnturssp:
936 2166 1066 2227 quorum
1094 2166 1171 2230 quae
1192 2148 1316 2212 Eutnl

168 2264 231 2327 cap.
255 2243 274 2308 8
296 2245 347 2307 fin.
376 2243 483 2308 attulit
515 2242 573 2326 (ita
594 2245 708 2308 Itomae
735 2247 897 2328 regnatum
924 2253 971 2310 est
999 2266 1052 2328 per
1081 2250 1199 2328 septem
1226 2266 1315 2330 reges

168 2344 255 2409 annis
279 2344 436 2410 CCXLIII
460 2363 540 2407 oum
563 2344 680 2408 adhuc
701 2345 818 2410 Roma
845 2346 908 2410 ubi
935 2346 1140 2428 plurimum
1168 2347 1228 2411 vix
1255 2366 1318 2410 us·

235 2574 255 2638 1)
274 2569 312 2623 Cf.
331 2570 412 2636 igitur
430 2585 498 2637 quae
516 2586 598 2639 supra
616 2571 652 2639 (p.
671 2570 755 2625 43—4
772 2570 807 2623 ad
824 2571 900 2624 Eutr.
919 2587 941 2624 c.
960 2572 985 2638 6)
1005 2570 1037 2624 de
1056 2569 1230 2624 similitudine
1247 2570 1318 2622 iuter

169 2653 325 2720 Eutropii
344 2660 374 2706 et
393 2654 566 2708 Ciceronis
585 2656 650 2708 locis
669 2656 828 2712 notavimus.

237 2739 257 2801 2)
275 2738 336 2792 Vid.
354 2739 473 2793 Vlctoris
491 2738 574 2792 verba
590 2755 650 2807 pag.
670 2755 751 2807 super
769 2756 794 2791 n.
813 2727 948 2792 b'notata.

236 2824 257 2890 3)
275 2823 335 2877 Vid.
355 2821 506 2889 Schwegler
524 2823 545 2879 I.
563 2840 589 2891 p.
609 2823 658 2876 710
675 2840 700 2875 n.
719 2823 743 2876 9.

235 2908 255 2974 4)
274 2907 334 2960 Vid.
353 2907 562 2974 disputationum
580 2907 716 2959 laudatam
735 2907 892 2960 Koebleri
910 2925 935 2976 p.
954 2908 995 2963 38.

236 2993 255 3058 5)
275 2990 313 3043 Cf.
332 2990 451 3043 locorum
474 2990 644 3044 definitiones
666 2991 754 3045 verbis
779 3008 920 3059 expressas
943 2993 1016 3045 velut
1040 2992 1060 3050 1,
1086 2992 1103 3045 2
1129 2991 1319 3060 (haecomnia

169 3076 268 3143 oppida
285 3075 378 3128 urbem
397 3075 518 3143 cingunt)
537 3074 589 3128 c.8
607 3077 687 3144 (quiae
705 3090 770 3143 gens
789 3077 823 3128 ad
837 3076 1009 3143 Campaniam
1028 3075 1152 3129 eunthus
1171 3091 1224 3128 non
1241 3075 1319 3141 longe

170 3161 202 3212 ab
220 3159 286 3212 urbe
305 3165 356 3227 est)
376 3176 397 3212 c.
411 3160 443 3213 11
462 3160 543 3227 (quae
561 3159 655 3211 civitas
674 3175 725 3212 nou
744 3161 821 3226 louge
841 3159 873 3211 ab
894 3159 958 3212 urbe
978 3161 1028 3225 est)
1047 3158 1128 3214 IIII
1147 3159 1202 3225 (qui
1220 3157 1318 3210 iamin

168 3245 262 3296 ultima
278 3244 359 3296 ltalia
376 3245 459 3311 sunt).
493 3243 536 3295 Ex
554 3244 631 3295 Livio
650 3243 691 3296 vel
710 3244 770 3295 aliis
789 3243 965 3310 scriptoribus
983 3241 1158 3295 miliariorum
1176 3241 1280 3294 numeri
1297 3240 1318 3297 1.

60 3332 63 3337 ’
170 3329 208 3381 15.
226 3328 267 3380 21).
286 3328 321 3385 ΙΙ.
339 3327 363 3380 5.
382 3329 421 3380 12.
440 3327 488 3382 ΙΙΙ.
510 3327 548 3379 14.
566 3326 613 3383 VI.
633 3327 672 3379 13.
690 3326 765 3384 VIII.
784 3327 800 3379 8
818 3326 896 3394 petiti
915 3332 983 3378 sunt.

241 3414 261 3482 6)
278 3413 401 3466 Eundem
431 3413 605 3466 miliariorum
632 3426 770 3463 numerum
796 3410 886 3480 (XVI)
915 3425 993 3477 quem
1020 3407 1053 3461 ab
1079 3405 1146 3460 urbe
1173 3421 1258 3474 usque
1284 3406 1319 3459 ad

171 3497 294 3551 Ostiam
316 3496 393 3549 Eutr.
417 3513 439 3555 c,
463 3497 543 3564 b(cx
565 3512 597 3548 eo
619 3495 728 3546 Hieron.
755 3495 874 3552 Cassiod,
898 3494 1020 3560 Cedren.)
1045 3491 1136 3558 affert,
1163 3491 1318 3544 Itinerar.

170 3597 276 3649 quoque
294 3581 456 3633 Antonini
479 3581 542 3649 301,
568 3581 584 3632 6
607 3579 730 3632 exhibet:
756 3580 784 3631 tn
807 3579 904 3631 ceteris
923 3576 1078 3645 discrepant
1100 3574 1157 3627 scil.
1176 3574 1238 3631 ltin,
1255 3574 1319 3630 Ant.

168 3665 226 3734 612,
248 3665 265 3718 2
282 3664 398 3718 Albam
423 3681 438 3717 a
456 3663 542 3717 Roma
559 3663 623 3717 XVI
641 3663 701 3731 mil}
718 3663 794 3715 Eutr.
813 3663 833 3719 I.
851 3663 869 3714 4
884 3661 937 3714 XII
960 3661 1004 3729 (cf.
1022 3661 1188 3713 Burmann
1211 3657 1319 3710 alt-lat.

170 3749 369 3817 Chorographie
387 3749 467 3800 Halle
488 3749 551 3802 1852
568 3765 593 3815 p.
614 3748 663 3800 144
680 3764 704 3799 u.
723 3747 781 3814 309)
799 3746 901 3800 Veios
919 3745 1024 3797 Tabula
1033 3743 1188 3809 Peutinger.
1200 3741 1253 3793 XII
1266 3742 1319 3795 mil.

170 3834 289 3902 (Dionys.
308 3833 344 3889 Il.
365 3833 399 3885 54
417 3839 522 3884 centum
540 3832 639 3899 stadia)
662 3831 738 3883 Eutr.
757 3831 777 3883 Ι.
801 3831 826 3883 4.
845 3831 876 3884 19
894 3829 986 3882 XVIII
1004 3828 1098 3881 abesse
1121 3823 1265 3877 notantes.
1285 3823 1318 3877 de

169 3919 263 3972 Veiis
284 3918 342 3970 Liv.
365 3917 397 3970 V.
419 3918 448 3983 4,
472 3917 503 3969 12
525 3917 631 3984 (intra
656 3915 870 3968 vicensimum
897 3912 1013 3981 lapidem
1037 3910 1087 3963 vid.
1111 3908 1263 3974 Schwegler
1284 3907 1320 3959 II.

170 4019 195 4069 p.
214 4003 263 4056 ’136
281 4018 307 4054 n.
327 4002 353 4067 1)
372 4001 405 4054 de
424 4000 562 4053 Fidenis
585 3999 635 4068 (VI
652 4016 686 4052 m.
710 3998 854 4052 secundum
872 3997 948 4054 Eutr⁸
967 3997 988 4053 1,
1010 3997 1034 4048 4.
1055 3994 1096 4062 19)
1115 3993 1216 4060 Dinnys
1234 3991 1269 4048 Il.
1287 3992 1321 4044 53

170 4087 219 4143 III.
242 4086 326 4140 2111.
349 4086 382 4137 22
408 4084 468 4153 (XL
487 4085 575 4138 stadia
592 4085 609 4136 i.
628 4100 650 4137 e.
668 4084 693 4137 V
711 4084 764 4134 mil.
787 4081 838 4134 rid.
857 4081 994 4133 Burmann
1011 4077 1076 4131 ibid.
1103 4094 1128 4145 p.
1146 4077 1198 4130 239
1215 4093 1240 4128 n.
1257 4075 1320 4143 493)

170 4171 202 4223 de
220 4171 328 4223 Ardea
346 4169 450 4238 (XVIII
459 4169 512 4221 mil.
531 4184 582 4221 sec.
602 4168 678 4220 Eutr.
691 4166 712 4223 I.
724 4168 752 4233 8)
772 4165 894 4217 Straton.
908 4164 941 4220 V.
953 4180 978 4230 p.
993 4163 1042 4216 158
1059 4161 1141 4230 (CLX
1158 4159 1247 4213 stadia
1264 4161 1321 4216 scil.

170 4255 220 4307 XX
238 4255 304 4323 mil.)
324 4255 356 4308 de
374 4259 482 4305 monte
500 4251 620 4318 Algido
639 4252 703 4319 (XII
715 4251 768 4303 mil.
787 4264 839 4301 soc.
857 4249 933 4301 Eutr.
947 4247 968 4304 Ι,
987 4248 1030 4315 11)
1049 4247 1161 4313 Procop.
1179 4243 1231 4298 bel.
1242 4242 1320 4296 Goth.

169 4338 219 4396 111.
240 4339 273 4392 22
292 4337 375 4408 (CXX
393 4337 461 4390 stad.
480 4337 497 4388 i.
516 4351 538 4387 e.
556 4336 606 4390 XV
624 4337 697 4404 mil).
1151 4414 1168 4464 4
